2582 3285
264 297 516 336 Octavianum
543 298 757 345 Augustum
784 307 979 345 nunquam
1006 306 1162 345 prorsus
1189 306 1212 334 a
1236 295 1386 334 Zonara
1413 294 1630 343 neglectum
1659 305 1745 332 esse
1773 299 1887 344 atque
1918 298 2115 345 omissum,
2145 300 2215 337 sed
2241 300 2307 338 ubi

258 395 361 432 illius
386 396 485 434 vitae
512 393 720 440 exstabant,
750 405 795 432 ex
821 394 879 430 his
906 391 1102 431 historiam
1122 393 1336 430 Romanam
1364 402 1451 429 esse
1478 392 1696 439 collectam3
1726 392 1792 429 ubi
1818 394 2019 442 verocjus
2044 397 2169 434 nullae
2184 400 2306 444 erant,

260 492 373 530 unius
400 490 533 528 Dionis
558 489 749 528 volumina
777 487 927 527 evoluta
953 488 1002 527 ab
1029 480 1075 527 eo
1102 499 1209 536 esse,
1245 491 1290 527 ut
1315 489 1353 525 in
1379 489 1510 527 vacuis
1535 488 1608 526 illis
1634 490 1788 536 spatiis,
1827 501 1926 538 quae
1953 493 2051 529 inter
2077 491 2242 532 Numam
2270 497 2308 530 et

259 586 509 636 Publicolam,
535 587 634 626 inter
659 584 894 632 Publicolam
921 588 959 623 et
985 584 1243 632 Coriolanum,
1280 585 1380 637 inter
1407 583 1611 632 Camillum
1637 587 1676 621 et
1701 584 1873 634 Fabium,
1902 586 2139 635 Marcellum,
2167 590 2308 629 Flami-

261 685 405 730 ninum,
435 683 633 729 Catonem,
661 681 836 723 Paullum
850 682 1057 723 Aemilium
1082 660 1334 728 intercedant,
1375 692 1421 718 ex
1446 680 1570 718 Dione
1598 680 1755 721 historia
1781 682 1953 722 confecta
1980 687 2095 733 atque
2133 688 2307 724 contexta

262 791 348 816 esse
374 753 557 824 videatur.
610 776 744 815 Plures
777 777 932 833 quidem
958 776 1151 817 Plutarchi
1183 777 1279 815 vitas
1307 775 1494 818 Zonaram
1528 777 1565 814 in
1594 777 1725 814 codice
1753 788 1843 824 suo,
1882 779 1947 826 qui
1975 781 2083 827 quasi
2111 781 2307 829 mutilatus

259 874 379 912 fuisse
405 873 567 919 videtur,
595 872 670 911 tlon
699 855 894 921 hab-uisse,
923 884 1010 912 mox
1037 872 1405 923 demonstrabimus3
1433 872 1502 910 sed
1529 873 1566 912 in
1596 871 1772 923 ejusdem
1799 874 1982 922 temporis
2008 875 2167 914 historia
2193 878 2306 914 etiam

260 954 479 1013 Dionis'sui
508 969 700 1019 exemplar
726 971 807 1008 erat
832 968 1069 1017 mutilatum,
1107 980 1223 1020 quam
1250 968 1298 1021 ob
1327 979 1502 1007 caussam
1530 979 1664 1007 omnes
1691 968 1775 1012 illas
1801 969 2061 1013 Romanorum
2086 983 2171 1018 res,
2210 984 2306 1020 quae

261 1067 360 1103 inter
393 1065 618 1103 Corinthum
663 1065 826 1103 dirutam
866 1066 1058 1115 vitamque
1091 1064 1264 1114 Pompeji
1290 1063 1417 1113 Magni
1465 1066 1595 1113 gestae
1640 1067 1748 1111 sunt,
1792 1068 1833 1102 ut
1869 1077 1985 1115 supra
2017 1066 2098 1116 jam
2135 1067 2308 1115 diximus,

262 1163 413 1201 silentio
440 1163 621 1213 praeterit
647 1161 826 1207 Zonaras.

339 1259 489 1301 Numae
517 1258 692 1306 Pompilii
727 1261 825 1306 regis
862 1242 1057 1303 historiam
1094 1258 1217 1310 capite
1251 1259 1382 1308 quinto
1415 1257 1552 1301 eadem
1578 1259 1723 1297 ratione
1751 1270 1774 1296 a
1800 1258 2004 1298 Plutarcho
2031 1260 2198 1299 Zonaras
2226 1272 2311 1298 mu-

262 1359 391 1393 tuatus
416 1358 487 1401 est,
515 1356 588 1392 nisi
615 1355 717 1402 quod
743 1354 894 1392 brevius
921 1340 1061 1402 narf'at,
1090 1365 1189 1403 quae
1217 1366 1241 1394 a
1267 1353 1527 1398 Chaeroneusi
1553 1354 1674 1391 multo
1699 1354 1903 1393 verborum
1917 1356 2063 1396 ambitu
2075 1356 2197 1398 relata
2210 1359 2311 1393 sunt.

262 1451 471 1499 Postquam
499 1461 589 1487 vero
615 1450 821 1497 interregni
847 1452 936 1500 post
958 1450 1112 1494 Romuli
1138 1449 1283 1491 obitum
1311 1450 1471 1486 instituti
1498 1451 1731 1495 mentionem
1746 1448 1849 1497 fecit,
1877 1452 2011 1488 auctor
2023 1451 2178 1498 quidem
2193 1451 2308 1495 addit,

263 1558 306 1584 se
333 1557 408 1583 non
435 1545 566 1594 fugere
594 1545 641 1583 de
668 1545 883 1593 interregno
911 1544 983 1582 hoc
1011 1545 1084 1583 alia
1109 1525 1262 1593 quoque
1288 1565 1342 1573 *—
1367 1555 1482 1593 quam
1509 1556 1607 1593 quae
1634 1544 1860 1583 Plutarchus
1886 1546 2058 1595 scripsit,
2086 1547 2169 1584 sine
2196 1547 2309 1584 dubio

265 1643 497 1684 audiendum
525 1645 605 1691 est3
633 1643 702 1678 sed
729 1644 797 1679 cur
823 1640 1016 1679 Plutarchi
1043 1652 1183 1679 nomen
1211 1641 1515 1686 dissimulaverit,
1544 1652 1619 1678 non
1647 1641 1756 1679 facile
1784 1643 1985 1690 intelliges„
2015 1654 2133 1690 quum
2147 1643 2312 1680 Dionem

265 1738 396 1775 laudet
422 1740 616 1775 auctorem
644 1748 757 1776 suum
793 1757 846 1764 —-
876 1736 1020 1785 jactata
1052 1747 1162 1786 esse3
1206 1747 1250 1774 se
1275 1747 1365 1774 vero
1402 1747 1448 1778 ea
1476 1742 1569 1774 esse
1587 1739 1778 1784 secutum,
1817 1748 1915 1785 quae
1953 1736 2026 1774 sibi
2062 1736 2316 1785 probabiliora

265 1835 494 1871 viderentur.
546 1833 651 1870 Haec
678 1836 807 1871 autem
836 1833 883 1870 ad
910 1833 1073 1869 Dionem
1101 1832 1233 1880 procul
1261 1832 1376 1877 dubio
1404 1831 1604 1868 reserenda
1630 1834 1739 1877 sunt,
1777 1843 1893 1878 quem
1929 1843 2017 1873 cum
2046 1833 2248 1870 Plutarcho
2276 1834 2314 1869 in

267 1929 502 1966 contexendo
530 1939 646 1976 opere
674 1939 745 1965 suo
773 1928 1015 1974 comparavit.
1041 1927 1149 1965 Unde
1176 1926 1319 1964 factum
1347 1938 1433 1963 esse
1459 1926 1621 1970 videtur,
1650 1929 1693 1963 ut
1706 1925 1872 1963 Numam
1900 1928 2088 1979 octoginta
2102 1931 2180 1964 tres
2195 1939 2315 1965 annos

266 2024 402 2062 vixisse
432 2024 544 2069 dicat,
582 2033 700 2071 quum
721 1994 930 2060 ¹Plutarcho
957 2025 1055 2059 teste
1089 2033 1164 2059 non
1191 2022 1354 2059 multum
1382 2022 1657 2069 octogesimum
1686 2033 1827 2061 annum
1856 2024 2079 2072 excesserit3
2121 2025 2193 2060 nisi
2221 2022 2315 2059 forie.

268 2119 368 2168 apud
394 2118 638 2157 Plutarchum
667 2119 800 2167 capitis
825 2116 917 2155 XXI
942 2118 1079 2156 verba:
1118 2116 1342 2169 ἐτελεύτησε
1380 2116 1426 2157 δὲ
1449 2117 1589 2169 χρόνον
1614 2113 1662 2156 οὕ
1685 2114 1812 2156 πολύν
1835 2121 1915 2163 τοῖς
1941 2114 2176 2177 δγὸοῇκονεα
2200 2132 2318 2170 προς-

267 2214 430 2263 βιώσας,
458 2215 494 2251 in
521 2212 660 2267 χρόνον
685 2212 818 2266 τριετῆ
842 2217 923 2259 τοῖς
950 2186 1187 2263 ὄγδοῆκοῆα
1213 2216 1362 2251 mutare
1389 2213 1496 2258 veliS,
1526 2224 1624 2259 quae
1654 2215 1713 2249 est
1739 2212 1851 2256 lectio
1878 2213 2057 2249 Zonarae.
2091 2213 2318 2255 Plutarchus

271 2312 372 2348 enim
399 2310 571 2358 plurimis
599 2310 636 2347 in
663 2309 756 2347 locis
785 2321 806 2346 e
834 2307 980 2347 Zonara
1008 2308 1269 2350 emendandus
1296 2312 1366 2345 est.

322 2458 446 2504 ,Tulli
473 2457 623 2501 Hostilii
652 2457 808 2496 historia
834 2466 974 2505 resque
1001 2459 1151 2505 gestae,
1189 2456 1391 2495 Plutarcho
1420 2456 1639 2500 deficiente,
1684 2467 1727 2491 ex
1758 2456 1880 2493 Dione
1909 2458 2051 2504 petitae
2080 2461 2182 2503 sunt,
2213 2458 2322 2504 cujus

272 2521 544 2599 fragmentum,
573 2554 665 2608 satis
693 2553 847 2602 quidem
875 2563 1052 2600 parvum,
1090 2553 1127 2588 in
1156 2551 1364 2589 electorum
1393 2552 1674 2589 commentariis
1703 2537 1942 2590 Constantini
1970 2552 2324 2602 Porphyrogenetae

275 2652 407 2704 exstat.
462 2649 593 2698 Capite
630 2651 793 2697 septimo
831 2649 925 2686 Anci
952 2648 1077 2686 Martii
1119 2658 1180 2685 res
1213 2652 1342 2695 gestae
1386 2648 1608 2685 brevissime
1642 2653 1914 2697 recensentur,
1960 2653 1998 2688 et
2034 2651 2155 2697 capite
2192 2653 2324 2687 octavo

275 2742 430 2779 uberius
457 2742 650 2790 Tarquinii
676 2742 794 2779 Prisci
834 2742 991 2779 historia
1014 2743 1196 2779 narratur.
1249 2741 1308 2778 De
1337 2741 1442 2785 Anco
1470 2741 1574 2779 nulla
1599 2744 1803 2779 servantur
1847 2741 1981 2778 Dionis
2007 2742 2144 2787 verba,
2183 2742 2252 2779 sed
2280 2743 2325 2778 de

275 2834 479 2883 Tarquinio
507 2834 636 2878 Prisco
664 2846 843 2884 magnum
871 2839 1046 2889 superest
1072 2836 1340 2885 fragmentum,
1367 2837 1405 2873 in
1433 2846 1508 2884 quo
1536 2836 1688 2882 singula
1714 2835 1794 2875 lere
1809 2836 1978 2876 Zonarae
2006 2837 2122 2876 verba
2147 2838 2327 2886 reperies,

1575 2908 1639 2950 2ss
