2582 3285
267 322 486 371 dignissima
512 319 647 357 Dionis
674 320 765 354 sunt
790 316 938 364 omnia,
985 315 1098 351 velim
1127 313 1302 351 conferas
1323 296 1461 350 :Dionis
1488 308 2040 358 fragmentaLXVIII—LXX
2066 309 2319 346 Peiresciana.

267 412 528 452 Memorabilis
556 410 790 447 Ambraciae·
817 407 923 444 urbis
957 408 1031 442 est·
1049 404 1224 441 obsessio
1251 406 1296 441 .-et
1330 414 1494 441 aeneum
1527 405 1681 440 scutum
1708 399 1827 437 hu'mo
1854 401 2090 448 applicitum,
2128 400 2238 448 cujus
2263 400 2319 437 rei

266 506 455 543 rationem
481 503 609 542 Livius
633 497 877 549 (xxxvln,
891 497 939 544 7)
966 506 1042 533 non
1068 496 1161 533 satis
1189 494 1419 542 intelligens,
1447 506 1529 532 rem
1556 496 1667 544 longe
1692 491 1801 532 aliter
1827 494 1966 529 narrat.

347 647 390 684 ln
417 647 506 683 belli
533 643 769 682 Macedonici
796 617 956 678 secundi
980 641 1137 676 historia
1170 618 1375 677 tradenda
1389 639 1504 674 witam
1519 639 1689 709 quidem
1726 637 1848 673 Paulli
1885 611 2038 672 Aemilii
2071 647 2093 671 a
2119 615 2321 673 Plutarcho

272 740 523 785 conscriptam
553 736 600 773 ad
628 746 765 772 manus
793 734 939 778 habuit,
976 733 1085 800 cujus
1111 732 1227 768 werba
1254 733 1290 767 in
1319 730 1394 788 fine
1423 731 1555 794 capitis
1581 704 1708 765 XXIII
1735 730 1895 793 repetit3
1939 726 2031 790 quin
2059 729 2172 766 etiam
2196 730 2322 775 ipsum

269 828 517 891 Plutarchum
558 827 742 866 nominat.
803 825 879 862 Sed
919 837 985 870 ea,
1037 836 1134 871 quae
1176 822 1423 866 antecedunt,
1472 832 1494 857 a
1520 821 1643 861 Dione
1683 821 1919 870 depromsit3
1969 820 2181 890 fragmenta
2221 824 2322 857 enim
2389 823 2395 828 '

270 914 620 985 LXXIII—LXXV
658 917 961 955 luculentissime
1003 916 1040 952 id
1079 915 1270 963 indicant3
1314 916 1445 953 itidem
1472 916 1594 978 capite
1620 915 1745 952 XXIV
1782 914 1934 952 Aemilii
1964 915 2086 958 Paulli
2120 916 2254 953 laudes
2282 928 2327 952 ex

271 998 395 1058 Dione
425 1014 580 1062 (fragm.
606 1008 783 1055 LXXVI)
812 1010 905 1057 ipsis
934 990 1107 1055 ejusdem
1133 1007 1259 1044 verbis
1285 1009 1437 1055 repetit,
1490 1006 1566 1043 Sed
1594 1007 1698 1055 initio
1728 1006 1842 1055 hujus
1869 1005 1959 1042 belli
1986 1006 2105 1046 multa
2131 1010 2326 1056 praeterit,

274 1119 372 1155 quae
400 1104 544 1143 referre
572 1102 729 1149 longum
757 1102 793 1137 ei
818 1099 1037 1144 videbatur,
1080 1099 1185 1136 velut
1218 1099 1295 1140 fine
1329 1098 1463 1147 capitis
1490 1097 1596 1134 XXV
1631 1109 1730 1145 quae
1753 1097 1831 1152 mis
1856 1097 2091 1144 temporibus
2120 1070 2328 1140 evenerunt

275 1198 411 1243 multa,
440 1204 618 1243 quaeque
646 1194 684 1229 in
709 1191 833 1230 Dione
860 1201 930 1226 suo
958 1161 1070 1228 latius
1101 1188 1270 1235 exposita
1297 1170 1524 1233 inveniebat,
1553 1187 1702 1224 silentio
1729 1188 1882 1234 omittit,
1911 1193 2125 1227 memoratu
2141 1191 2329 1238 dignailla

276 1300 356 1325 non·
380 1286 601 1334 perhibens.
653 1283 729 1321 Sed
757 1293 815 1327 ea,
845 1292 944 1328 quae
967 1280 1091 1327 capite
1118 1271 1243 1319 XXIV
1268 1282 1306 1315 et
1331 1278 1438 1315 XXV
1464 1279 1643 1326 legimus,
1683 1291 1704 1316 a
1731 1279 1855 1316 Dione
1882 1283 2078 1321 mutuatus
2103 1286 2183 1328 est,
2220 1284 2328 1331 cujus

270 1362 487 1427 ¹fragmenta
514 1373 802 1416 CLX—CLXII
827 1354 1029 1413 Ursiniana
1056 1371 1312 1419 comparanda
1339 1372 1439 1407 sunt.

231 1441 233 1443 ι
355 1472 489 1520 Capita
514 1445 639 1508 XXVI
668 1470 706 1504 et
730 1464 872 1506 XXVII
918 1450 1017 1500 tertii
1057 1462 1147 1500 belli
1188 1458 1320 1500 Punici
1354 1454 1503 1498 initium
1543 1464 1742 1507 memorat,
1783 1473 1881 1509 quae
1912 1463 2046 1502 Dionis
2069 1470 2171 1512 sunt,
2214 1478 2331 1513 quum

276 1567 534 1614 fragmentum
574 1558 772 1604 Lxxvn,
824 1555 1012 1603 Scipionis
1062 1539 1231 1591 Africani
1280 1553 1414 1590 laudes
1458 1551 1696 1600 praedicans,
1751 1565 1838 1590 cum
1889 1555 2035 1596 Zonara
2084 1559 2131 1596 ad
2175 1560 2333 1602 verbum

280 1660 485 1706 conspiret.
539 1656 582 1695 In
610 1653 767 1701 reliquis
791 1649 907 1697 hujus
935 1649 1019 1690 libri
1048 1635 1236 1695 capitibus
1261 1649 1439 1693 quatuor,
1469 1646 1607 1692 quibus
1626 1646 1770 1688 bellum
1785 1650 1915 1685 contra
1930 1649 2189 1688 Andronicum
2204 1635 2334 1689 Mace-

281 1754 420 1789 donem
448 1751 598 1796 gcstum
626 1749 665 1782 et
690 1741 928 1789 Carthaginis
943 1740 1192 1787 Corinthique
1222 1739 1410 1776 excidium
1431 1738 1611 1785 legimm,
1643 1743 1838 1786 auctores,
1870 1721 2008 1787 quibus
2036 1755 2128 1781 usus
2157 1748 2234 1791 est,
2263 1757 2334 1782 nec

280 1842 482 1883 memorat,
512 1848 584 1874 nec
611 1836 821 1885 supersunt
845 1823 1082 1880 fragmenta,
1113 1844 1133 1869 e
1160 1831 1320 1884 quibus,
1349 1841 1464 1877 quem
1492 1833 1688 1868 auctorem
1722 1831 1909 1881 habuerit,
1946 1835 2068 1882 colligi
2094 1838 2227 1883 possit.
2281 1838 2337 1875 Ex

278 1935 453 1984 Appiano
480 1930 577 1967 haec
604 1938 681 1965 non
697 1902 796 1963 ‘esse
822 1928 963 1971 sumta,
991 1927 1114 1974 primo
1141 1918 1270 1964 stfftim
1298 1923 1482 1971 adspectu
1508 1922 1668 1970 videbis,
1697 1936 1786 1963 nam
1814 1926 1942 1965 multis
1963 1929 2079 1967 rebus
2095 1929 2142 1968 ab
2161 1941 2206 1966 eo
2221 1930 2333 1977 plano

281 2028 419 2071 dissert,
449 2030 683 2070 quamquam
712 2020 759 2055 de
787 2029 939 2055 summa
965 2030 1007 2055 re
1036 2029 1123 2054 cum
1153 2028 1199 2053 eo
1227 2017 1428 2054 consentit.
1482 2014 1579 2052 Cum
1606 2015 1782 2065 Polybio,
1827 2018 1937 2067 quus
1971 2019 2067 2059 haec
2099 2032 2187 2069 pars
2215 2021 2336 2060 histo-.

278 2122 423 2158 riarum
454 2113 603 2157 excidit,
630 2112 735 2148 nulla
761 2111 995 2159 comparatio
1021 2109 1168 2147 institui
1194 2091 1341 2157 potest3
1384 2107 1575 2145 Plutarchi
1613 2109 1726 2148 etiam
1753 2109 1837 2150 vita*
1856 2108 2042 2157 Scipionis
2069 2109 2235 2151 Africani
2264 2115 2337 2151 mi..

283 2214 385 2250 noris
414 2205 626 2252 intercidit3
670 2211 759 2250 ergo
787 2207 825 2239 et
858 2204 918 2240 hic
947 2215 1022 2240 non
1053 2206 1112 2240 est
1138 2203 1315 2248 dubium,
1354 2203 1443 2248 quin
1480 2202 1567 2240 illae
1595 2213 1656 2239 res
1685 2203 1818 2241 itidem
1846 2211 1891 2243 ex
1917 2192 2040 2241 Dione
2068 2207 2337 2255 transscriptae

284 2302 371 2347 sint,
402 2300 512 2349 quus
541 2295 706 2334 fortasse
742 2295 840 2334 liber
863 2297 1069 2334 vicesimus
1099 2295 1269 2334 Corinthi
1306 2295 1544 2338 eversionem
1573 2297 1761 2344 explicuit.
1813 2297 1912 2334 Tum
1938 2310 2028 2335 vero
2055 2300 2092 2334 in
2121 2298 2196 2335 line
2223 2276 2338 2347 hujus

284 2396 369 2434 libri
395 2394 587 2440 queritur,
625 2390 728 2437 quod
755 2389 805 2426 ob
832 2390 1016 2428 librorum
1044 2390 1244 2437 penuriam
1273 2391 1420 2426 ceteras
1446 2389 1576 2436 populi
1603 2389 1763 2427 Romani
1789 2401 1852 2430 res
1878 2401 1949 2437 per
1974 2390 2151 2426 consules
2178 2389 2340 2426 dictato-

283 2497 425 2533 resque
454 2486 581 2530 gestas
607 2483 751 2520 referre
778 2494 853 2520 non
881 2483 1016 2531 possit,
1046 2483 1148 2529 quod
1177 2482 1332 2528 quidem
1360 2493 1436 2518 non
1466 2481 1609 2519 factum
1639 2494 1723 2519 esse
1751 2483 1896 2519 incuria
1920 2483 1981 2519 vel
2009 2483 2158 2529 inertia,
2187 2484 2256 2520 sed
2270 2495 2339 2532 per

282 2592 326 2616 se
356 2591 432 2615 non
459 2581 582 2619 stare,
609 2564 723 2622 ¹opus
769 2588 883 2612 suum
925 2576 1251 2613 absolutissimum
1289 2573 1426 2621 edere,
1470 2586 1589 2623 quum
1624 2580 1663 2612 et
1693 2577 1776 2623 ipse
1803 2577 1935 2623 procul
1964 2575 2133 2612 abui-be
2160 2576 2197 2611 in
2225 2587 2339 2622 parva

286 2671 409 2707 insula
439 2669 597 2705 extorris
627 2669 726 2713 agat,
756 2670 793 2703 et
821 2669 943 2712 amici,
974 2667 1113 2713 quibus
1142 2668 1487 2713 conquirendorum
1516 2669 1697 2706 librorum
1721 2671 1919 2716 negotium
1948 2669 2108 2712 dederit,
2135 2668 2195 2703 vel
2218 2668 2339 2713 negli-

287 2761 437 2808 gentius
466 2760 503 2797 in
534 2770 600 2797 eos
628 2758 869 2806 inquisierint
902 2760 962 2797 vel
981 2748 1181 2798 ¹vetustate
1216 2761 1380 2799 amissos
1411 2772 1478 2798 eos
1504 2764 1673 2808 reperire
1701 2774 1775 2799 non
1790 2763 1995 2810 potuerint.
2021 2761 2229 2806 Quaeritur
2246 2762 2339 2809 Jam,
2397 2760 2404 2768 ‘

288 2864 477 2900 quaenam
514 2852 661 2916 suerint,
688 2853 776 2896 illae
802 2851 936 2910 βίβλοι
961 2853 1041 2896 τῶν
1066 2853 1196 2897 πάλαι
1221 2853 1349 2894 ταῦτα
1374 2854 1663 2907 ἱστορησάντων
1701 2851 1879 2909 ἀρχαίων
1917 2851 2087 2909 Medae,
2126 2864 2222 2901 quas
2248 2853 2341 2892 hac,
2374 2855 2377 2857 .
