2582 3285
213 889 394 973 Quum
435 919 641 970 improviso
680 917 773 956 mihi
813 927 905 956 casu
941 925 1097 965 prorsus
1138 916 1380 966 necopinanti
1418 916 1635 964 accidisset,
1676 919 1721 955 ut
1758 915 1806 955 ab
1845 917 2077 971 amicissimo
2116 918 2261 970 collega

211 1019 497 1056 Aldenhovenio
532 1028 705 1064 rogarer,
756 1019 800 1054 ut
831 1027 877 1052 ex
909 1015 1083 1052 instituto
1125 1017 1257 1052 nostro
1290 1024 1477 1061 perquam
1509 1014 1695 1053 laudabili
1722 1017 2013 1062 programmatis
2045 1016 2263 1057 scholastici

177 1137 181 1142 ·
211 1117 285 1153 hoe
323 1126 422 1153 anno
459 1113 649 1153 scribendi
687 1115 814 1160 partes
855 1112 976 1162 ipsius
1014 1113 1246 1152 sustinerem
1284 1115 1324 1149 et
1361 1111 1410 1151 ad
1448 1110 1651 1149 indicenda
1686 1113 1872 1161 gymnasii
1909 1113 2031 1152 nostri
2060 1113 2262 1156 sollemnia

212 1213 353 1260 aliquid
381 1210 586 1259 praefarer,
614 1208 984 1247 dissertatiunculam
1011 1209 1061 1247 de
1083 1206 1269 1255 fontibus,
1305 1221 1327 1246 e
1354 1207 1493 1258 quibus
1518 1194 1690 1248 hauserit
1713 1208 1880 1248 loannes
1907 1209 2076 1250 Zonaras
2101 1212 2259 1254 annales

211 1321 302 1347 suos
328 1309 543 1355 Romanos,
588 1320 633 1345 ex
660 1305 811 1346 schedis
841 1307 938 1345 meis
973 1316 1186 1356 proponere
1220 1302 1464 1355 potissimum
1500 1307 1601 1345 duxi.
1653 1306 1743 1354 Quo
1777 1305 1871 1345 mihi
1904 1307 2078 1357 profecto
2111 1308 2260 1350 nullum

206 1406 412 1455 jucundius
444 1377 727 1452 ‘honestiusque
765 1404 963 1453 obtigisset
1001 1404 1218 1451 negotium,
1264 1404 1337 1441 nisi
1377 1404 1608 1442 misserrima
1646 1403 1746 1442 foret
1789 1405 1905 1455 hujus
1942 1407 2000 1444 rei
2037 1417 2173 1447 caussa
2211 1419 2260 1447 ac

207 1503 502 1540 luctuosissima.
563 1501 698 1550 Neque
719 1502 819 1539 enim
844 1476 987 1538 laetum
1012 1512 1106 1538 sane
1134 1503 1193 1537 est
1217 1500 1551 1549 impedimentum,
1579 1501 1683 1551 quod
1709 1501 1837 1539 obstat
1860 1503 2030 1552 collegae
2043 1506 2258 1556 carissimo,

209 1601 414 1647 quominus
452 1599 621 1636 muneris
660 1598 870 1635 rationibus
909 1596 1138 1644 satisfaciat,
1174 1596 1244 1633 sed
1281 1596 1432 1635 infirma
1479 1602 1595 1647 atque
1638 1600 1753 1637 etiam
1792 1610 1905 1647 aegra
1942 1601 2143 1649 valetudo,
2183 1612 2262 1650 qua

206 1696 353 1745 jamdiu
388 1693 628 1733 conflictatus
653 1687 725 1731 est.
779 1693 970 1743 Graviter,
1010 1694 1064 1734 mi
1087 1691 1363 1742 Aldenhoveni‚
1391 1696 1546 1733 omnino
1572 1697 1612 1732 te
1638 1692 1770 1733 afflixit
1793 1692 1959 1744 fortuna,
1986 1697 2056 1745 qui
2077 1708 2154 1735 non
2166 1697 2261 1737 item

209 1796 253 1833 ut
277 1796 390 1832 antea
411 1793 510 1832 vitae
544 1790 904 1840 muneribus·fungi
936 1792 1072 1840 possis.
1125 1789 1202 1829 Sed
1234 1791 1417 1840 prolixam
1451 1794 1491 1828 et
1524 1800 1753 1840 propensam
1788 1801 1876 1840 erga
1904 1794 1943 1839 te
1968 1793 2083 1831 simul
2109 1796 2260 1843 agnosti

208 1889 442 1929 voluntatem
476 1899 627 1929 summe
658 1886 865 1927 venerandi
907 1887 1120 1933 consistorii
1150 1886 1504 1936 huenburgensis,
1542 1885 1667 1940 quod,
1703 1890 1749 1926 ut
1777 1888 1960 1927 succedat
1991 1890 2160 1929 vicarius
2190 1893 2259 1930 tuo

210 1988 378 2035 muneri,
431 1997 583 2028 summa
629 1985 852 2035 liberalitate
898 1985 1078 2024 decrevit.
1155 1983 1209 2022 Te
1253 1992 1343 2024 vero
1381 1987 1425 2023 ut
1472 1987 1599 2024 servet
1644 1987 1894 2035 protegatque
1939 1985 2046 2025 Deus
2091 1961 2256 2036 optimus

1735 2050 1744 2067 .

209 2085 393 2126 maximus
421 2083 564 2134 tibique
591 2083 729 2122 bonam
758 2083 920 2122 salutem
946 2081 1281 2131 valetudinemque
1309 2084 1479 2131 praestet
1501 2082 1694 2133 supplices
1721 2094 1877 2124 oramus
1905 2086 2021 2133 atque
2043 2093 2254 2133 precamur.

1045 2273 1399 2293 m

285 2320 298 2347 Ι

209 2435 294 2486 Ex
318 2442 493 2486 om'nibus
520 2450 623 2486 omni
648 2451 774 2487 aetate
800 2445 955 2499 Ioannis
970 2444 1137 2484 Zonarae
1164 2444 1268 2483 libris
1293 2440 1661 2494 praestantissimum
1684 2443 1858 2483 habitum
1885 2449 1945 2483 est
1965 2446 2160 2485 annalium
2178 2448 2258 2485 sive

209 2544 386 2598 κρονικόν
412 2547 449 2583 in
474 2549 601 2593 partes
628 2548 705 2583 tres
732 2545 779 2583 ab
806 2544 1037 2593 Hieronymo
1049 2539 1206 2588 Wolfio,
1232 2543 1270 2580 in
1298 2542 1393 2582 duas
1419 2544 1547 2591 partes
1574 2545 1614 2580 et
1640 2541 1758 2583 libros
1787 2543 2046 2593 duodeviginti
2071 2556 2095 2584 a
2116 2543 2257 2603 Cangio

211 2642 371 2680 divisum
398 2653 494 2689 opus
511 2668 521 2685 ,
563 2652 639 2689 quo
667 2651 821 2678 omnem
848 2641 995 2689 generis
1021 2639 1179 2677 humani
1203 2638 1397 2677 historiam
1423 2639 1511 2676 inde
1538 2650 1562 2678 a
1586 2650 1716 2677 rerum
1740 2640 1884 2687 origine
1910 2640 1958 2678 ad
1985 2651 2055 2678 sua
2086 2644 2258 2691 tempora

210 2752 330 2790 usque
358 2740 381 2776 i.
407 2717 443 2774 εξ
487 2737 533 2776 ad
560 2737 704 2778 obitum
730 2739 969 2786 imperatoris
996 2737 1114 2776 Alexii
1142 2735 1327 2777 Comneni
1352 2736 1430 2775 sIve
1458 2736 1507 2775 ad
1532 2747 1674 2776 annum
1701 2740 1788 2785 post
1802 2735 1995 2776 Christum
2014 2740 2147 2778 natum
2161 2738 2261 2782 1118

218 2808 220 2810 .
1714 2812 1735 2851 1
1753 2813 1775 2836 Ι·
2053 2811 2055 2813 .
