2582 3285
1249 146 1260 154 .

1260 147 1333 188 *a

272 279 513 323 Peiresciano
541 283 730 332 conjicere
757 281 859 329 licet,
888 281 967 328 ubi,
996 284 1040 319 ut
1065 293 1181 331 supra
1208 283 1564 325 demonstravimus,
1594 282 1633 316 et
1658 268 1916 317 Plutarchiet
1928 278 2061 317 Dionis
2075 280 2191 318 verba
2219 281 2319 327 apud

273 379 460 420 Zonaram
488 379 665 428 copulata
692 390 737 418 ac
765 380 959 418 contracta
985 364 1167 415 invenies.
1197 405 1200 407 Α
1238 376 1240 379 ’

348 530 445 565 Tum
473 539 595 575 usque
623 529 670 565 ad
699 530 814 574 caput
838 526 962 563 XXIV
994 521 1160 590 Zonaras
1191 498 1369 573 sequitur
1393 526 1658 570 Plutarchum,
1700 536 1816 573 quem
1853 526 1889 561 in
1924 526 2190 572 persequendo
2218 526 2318 562 bello

273 622 431 669 Gallico,
460 618 751 669 urbe‘incensa,
780 624 940 660 obsesso
967 621 1154 670 Capitolio
1167 595 1397 670 Brennoque
1425 621 1623 659 aCainillo
1649 623 1748 657 victo
1776 622 1822 658 ad
1848 622 2008 658 verbum
2026 620 2105 657 fere
2131 623 2315 658 exscribit.

270 719 395 758 Etiam
425 698 489 758 ubi
516 694 708 759 Manliana
734 722 870 759 seditio
899 722 934 758 ei
961 719 1208 758 memoranda
1236 721 1330 763 est,¹
1353 719 1458 756 initio
1494 719 1632 778 ducem
1667 718 1739 756 sibi
1766 719 1879 764 elegit
1903 693 2316 766 Plutarchum„¹cujus

269 818 393 853 verbis
422 816 622 854 manifeste
658 820 798 868 utitur3
840 822 922 854 tum
955 829 1045 853 vero
1078 829 1099 853 a
1125 816 1328 856 Pluhrcho
1367 817 1414 852 ad
1450 816 1613 851 Dionem
1649 816 1812 852 transilit
1845 819 1883 851 et
1915 817 2025 861 longe
2061 817 2169 851 aliter
2202 821 2315 863 atque

269 882 496 959 Plutarchus
523 927 605 952 rem
634 917 808 973 espon1t3
844 926 916 952 nec
949 914 1106 951 dubium
1135 924 1223 950 esse
1249 916 1388 961 potest,
1418 914 1508 961 quin
1536 912 1609 950 hoc
1636 914 1721 950 loco
1748 913 1912 950 Dionem
1940 912 2081 950 habeat
2107 917 2313 957 auctorem,

269 1001 386 1056 quum
415 1009 670 1058 fragmentum
695 1010 823 1049 XXXI
850 1011 1154 1055 Peirescianum,
1192 1010 1365 1057 quamvis
1401 1010 1578 1046 mutilum
1616 1012 1655 1046 et
1678 1011 1892 1055 concisum,
1939 1009 2074 1046 eadem
2099 1010 2148 1045 de
2176 1009 2314 1046 Manlio

268 1106 418 1143 habeat.
440 1142 445 1147 ,
470 1107 619 1145 Deinde
653 1111 790 1147 ceteris
823 1111 861 1146 in
896 1108 1034 1155 rebus,
1071 1119 1170 1156 quae.
1197 1079 1368 1144 incidunt
1393 1108 1430 1143 in
1456 1108 1572 1150 ‚vitam
1601 1106 1763 1153 Camilli,
1791 1107 1907 1166 veluti
1934 1102 2081 1156 rogatio
2108 1107 2312 1151 Liciniana,

267 1201 493 1250 praetulisse
519 1206 670 1267 videtur
695 1206 880 1252 Dionem,
919 1218 940 1242 e
967 1217 1043 1253 quo
1080 1205 1259 1243 fabellam
1291 1206 1403 1242 istam
1440 1205 1486 1241 de
1523 1187 1701 1240 muliebri*
1732 1194 1957 1250 ambitione,
1997 1205 2099 1241 unde
2125 1204 2251 1240 Lixius
2280 1209 2317 1240 et

267 1303 349 1348 ipse
376 1304 544 1339 mutatae
571 1302 803 1350 reipublicae
830 1303 976 1341 formae
1003 1303 1187 1351 originem
1215 1303 1332 1349 duxit,
1361 1304 1397 1339 in
1426 1302 1582 1340 annales
1609 1292 1701 1339 suos
1729 1303 1997 1350 transscripsit.
2051 1301 2211 1350 Reliqua
2239 1302 2313 1338 duo

268 1397 383 1446 hujus
411 1397 495 1435 libri
525 1399 647 1454 capita
673 1386 779 1436 XXV
807 1402 846 1437 et
869 1398 993 1437 XXVI
1019 1369 1183 1438 Pionem
1210 1399 1352 1438 habent
1378 1402 1595 1446 auctorem,
1632 1398 1770 1448 quihus
1797 1412 1858 1438 res
1886 1399 1934 1438 ab
1962 1401 2063 1437 exitu
2091 1397 2238 1437 Camilli
2267 1400 2312 1436 ad

265 1497 416 1543 ruptam
445 1494 656 1533 Caudinam
683 1498 930 1543 sponsionem
957 1508 1080 1545 usque
1108 1465 1362 1535 continentur,
1412 1497 1545 1534 Dionis
1573 1496 1667 1534 hffec
1696 1507 1781 1534 esse
1803 1496 2057 1544 fragmentum
2074 1496 2312 1534 Ursinianum

268 1590 498 1629 cxxxxul
526 1591 689 1631 affirmat
716 1595 830 1641 atque
856 1591 1092 1655 comprobat,
1121 1594 1236 1642 quod,
1266 1605 1313 1632 ne
1342 1594 1401 1631 cui
1426 1593 1609 1632 dubitatio
1623 1594 1748 1643 aliqua
1764 1593 2011 1642 relinquatur,
2042 1606 2126 1631 cum
2142 1594 2311 1631 Zonarae

265 1688 391 1727 verbis
420 1687 647 1728 conferatur.

345 1786 477 1835 Capite
512 1787 635 1835 primo
666 1786 751 1824 libri
782 1789 904 1826 octavi
945 1787 1062 1826 finem
1100 1790 1251 1827 enarrat
1286 1788 1375 1841 belli
1401 1758 1606 1826 'Samnitici
1643 1801 1808 1837 eumque
1849 1788 1982 1826 Dionis
2015 1787 2160 1834 verbis,
2206 1788 2314 1836 cujus

267 1886 388 1921 exstat
413 1882 667 1931 fragmentum
694 1883 1192 1934 XXXVIRPeirescianum,
1228 1887 1329 1933 quod
1363 1887 1410 1924 ad
1444 1886 1604 1924 verbum
1642 1896 1729 1923 cum
1756 1886 1903 1923 Zonara
1930 1886 2115 1932 congruit.
2168 1884 2260 1921 lude
2290 1898 2312 1922 a

267 1981 389 2028 capite
417 1971 587 2017 secundo
616 1991 740 2028 usque
767 1980 815 2017 ad
843 1985 957 2029 caput
989 1965 1138 2018 sextum
1164 1948 1309 2019 bellum
1336 1992 1425 2020 cum
1450 1982 1663 2020 Tarentinis
1692 1986 1730 2019 et
1757 1994 1846 2020 cum
1872 1981 2015 2031 Pyrrho
2042 1993 2132 2028 rege
2160 1986 2310 2029 gestum

244 2077 467 2124 *exponitur
492 2076 606 2132 idque
635 2076 829 2123 exDione,
859 2077 969 2126 cujus
994 2078 1124 2116 videas
1149 2078 1321 2128 inprimis
1348 2077 1561 2126 fragmenta
1584 2077 1794 2116 CXXXXV
1807 2081 1845 2115 et
1860 2077 2088 2115 CXXXXVI
2104 2077 2310 2115 Ursiniana.

265 2171 396 2221 Pyrrhi
423 2172 539 2210 vitam
566 2184 588 2210 a
614 2171 819 2210 Plutarcho
859 2184 1077 2222 expressam
1110 2175 1266 2211 minime
1300 2174 1445 2235 legisse·
1474 2173 1659 2212 Zonaram
1691 2175 1784 2212 satis
1819 2175 1960 2224 liquet,
1998 2185 2121 2222 eoque
2157 2173 2312 2222 majoris

266 2269 361 2306 haec
389 2272 448 2305 est
472 2270 655 2306 momenti
682 2280 770 2317 pars
797 2269 992 2317 historiae,
1021 2282 1139 2319 quum
1167 2271 1238 2308 nisi
1265 2270 1435 2308 Zonarae
1463 2270 1620 2308 annales
1647 2274 1915 2319 superessent,
1952 2270 2114 2316 plurima
2140 2281 2234 2315 sane
2263 2270 2310 2306 de

266 2364 397 2414 Pyrrhi
424 2366 540 2404 rebus
566 2367 683 2414 gestis
709 2367 983 2415 ignoraremus.
1036 2367 1113 2405 Sed
1145 2367 1242 2405 haec
1274 2379 1296 2405 e
1323 2367 1471 2405 Zonara
1505 2367 1816 2415 diligentissimus
1853 2365 1916 2402 ille
1952 2365 2241 2404 Freinshemius
2277 2368 2313 2403 in

265 2463 542 2510 supplementis
581 2464 661 2500 suis
694 2464 857 2502 Livianis
890 2466 1033 2513 optime
1069 2464 1258 2511 adhibuit,
1303 2465 1405 2501 unde
1440 2467 1522 2501 tum
1563 2466 1600 2500 in
1645 2466 1860 2500 ceterorum
1894 2458 2162 2500 historicorum
2200 2464 2315 2500 libros

266 2537 449 2596 translata
476 2562 584 2604 sunt,
626 2560 799 2608 neglecto
824 2561 885 2597 vel
920 2572 969 2597 ne
1004 2561 1153 2608 cognito
1180 2559 1335 2608 quidem
1363 2562 1532 2605 auctore,
1561 2558 1722 2622 enfithae
1749 2570 1812 2596 res
1841 2560 2086 2606 gravissimae
2114 2560 2313 2598 debentur.

265 2655 357 2692 Post
382 2654 515 2704 Pyrrhi
541 2667 601 2693 res
631 2656 757 2694 medio
785 2657 907 2705 capite
921 2656 983 2695 vl.
1008 2656 1168 2695 Fabricii
1195 2667 1357 2695 censura
1384 2659 1621 2694 memoratur
1646 2659 1686 2693 et
1713 2654 1925 2694 Ptolemaei
1951 2656 2104 2705 legatio,
2133 2669 2177 2694 ex
2190 2655 2314 2694 Dione

266 2755 405 2800 sumta,
434 2751 544 2800 cujus
570 2752 699 2791 videas
724 2753 837 2790 velim
865 2753 1117 2803 fragmentum
1133 2752 1378 2791 cxxxxvu
1403 2751 1659 2791 Ursinianum.
1702 2752 1884 2803 Sequitur
1908 2753 2059 2792 Tarenti
2074 2754 2311 2801 expugnatio.

265 2849 407 2886 Milone
434 2849 614 2887 Romanis
642 2851 776 2888 urbem
804 2845 989 2888 tradente.
1041 2851 1138 2888 Item
1175 2854 1288 2899 caput
1305 2825 1545 2899 septimum,
1584 2862 1661 2899 quo
1689 2850 1876 2898 Quintum
1900 2830 2065 2910 vFabium
2091 2850 2311 2899 Apollonia-
