2582 3285
248 313 361 346 tenus
388 309 586 357 excerpsit,
614 310 654 345 et
676 305 765 345 illae
787 302 934 353 βίβλοι,
961 301 1099 352 quibus
1125 306 1255 342 cetera
1278 309 1405 350 usque
1429 300 1482 340 ad
1503 301 1777 350 imperatum
1802 301 2060 342 Romanorum
2077 305 2285 353 resgestas

249 399 553 443 continebantur,
581 404 754 444 quasque
780 392 982 435 desident.
1034 395 1115 434 Nos
1138 404 1232 436 vero
1254 393 1501 443 inquisitione
1525 396 1656 434 nostra
1679 393 1903 435 iaZonarae
1928 394 2056 435 fontes
2081 395 2283 446 hueusque

248 492 444 542 perducta,
482 490 516 528 si
550 489 715 539 ingenue
744 489 973 529 sententiam
998 490 1168 529 nostum
1192 487 1363 539 proferre
1384 487 1586 539 iubemus,
1628 486 1745 527 lffiros
1773 486 1892 527 hosce
1917 487 2044 527 nullos
2069 487 2166 529 alios
2193 500 2282 529 esse

249 585 496 630 arbitramur,
534 566 767 620 nisi'Dionis
799 580 917 620 libros
943 583 983 620 et
1006 580 1199 622 Plutarchi
1221 583 1332 630 vitas,
1366 591 1487 632 quum
1511 577 1756 630 manifestum
1780 580 1843 627 sit,
1869 578 2059 623 Zonaram
2082 590 2207 627 usque
2232 579 2283 620 ad

249 675 351 714 hunc
381 674 508 714 locum
544 671 639 713 alios
670 675 848 712 auctores
880 672 1006 713 nullos
1040 672 1236 714 habuisse.
1285 674 1413 724 Atque
1437 670 1798 734 hic-transscribere
1823 671 1929 721 libet,
1956 682 2057 722 quae
2081 670 2286 712 Falconius

247 767 286 804 in
325 763 604 815 prolegomenis
650 762 700 803 ad
723 762 888 804 Dionem
921 774 1036 804 suum
1065 765 1286 805 restitutum
1317 763 1390 805 hac
1423 765 1473 806 de
1499 777 1542 805 re
1571 765 1730 816 iudicat.
1783 762 1975 814 „Zonaras
2007 775 2203 815 nunquam
2237 765 2278 803 in

249 858 395 908 „prima
418 855 492 910 hac
515 858 623 906 parte
645 856 697 906 (i.
724 868 758 896 e.
785 856 966 898 historiae
991 857 1208 908 Romanae)
1243 842 1409 922 Dionen}
1443 859 1553 908 citat,
1588 870 1704 908 quem
1736 858 1776 897 in
1802 858 1972 899 secunda
2003 870 2283 909 saepenumero

250 950 424 1000 „laudat‚
467 959 586 998 quum
614 950 801 989 exscribit.
854 950 968 999 Quod
999 952 1138 992 indicio
1173 951 1266 990 mihi
1297 955 1371 1002 est,
1406 952 1603 992 hominem
1628 955 1779 1002 gratum
1805 953 1845 990 et
1869 961 2081 990 memorem
2105 951 2282 991 beneficii

249 1043 396 1091 „prima
428 1045 534 1089 parte
564 1044 601 1084 in
637 1042 863 1095 acephalum
895 1065 948 1071 —
982 1043 1192 1085 ateleutum
1226 1047 1341 1086 etiam
1383 1047 1465 1096 ipse
1511 1046 1603 1102 dicit
1629 1049 1696 1072 ’-
1734 1043 1912 1083 incidisse
1944 1043 2079 1083 Dionis
2114 1044 2284 1084 codicem

249 1133 604 1183 „antiquissimum
632 1134 697 1172 ubi
724 1135 829 1173 solae
856 1134 1058 1174 divisiones
1084 1135 1267 1178 librorum
1294 1140 1333 1175 et
1345 1137 1472 1179 nullae
1485 1147 1641 1187 prorsus
1655 1134 1797 1175 fuerint
1808 1136 1997 1188 praefixae
2010 1134 2286 1186 anacephalae-

250 1237 364 1274 „0ses
403 1228 469 1263 aut
493 1225 626 1263 Dionis
654 1237 807 1273 nomen,
847 1227 949 1274 quod
975 1228 1013 1265 in
1038 1226 1163 1267 fronte
1187 1230 1299 1278 primi
1324 1232 1471 1269 tantum
1497 1229 1596 1276 libri,
1637 1238 1752 1276 quem
1780 1230 2019 1280 deperditum
2045 1228 2285 1273 arbitramur,

251 1320 458 1366 „scriptum
492 1318 623 1365 fuerit,
667 1316 833 1368 indeque
860 1319 1045 1358 Zonaram
1080 1323 1245 1359 auctoris
1277 1323 1471 1371 ignorasse
1503 1322 1638 1361 Dionis
1672 1333 1827 1368 nomen,
1862 1331 1978 1370 quem
2010 1321 2110 1371 stylo
2133 1319 2284 1365 saltem,

252 1411 419 1459 „verbis,
447 1411 618 1460 ingenio,
655 1411 789 1449 eadem
814 1412 986 1450 Romana
1011 1412 1168 1453 historia
1192 1382 1422 1462 cognoscere
1447 1413 1645 1461 debuerat,
1672 1415 1706 1451 si
1731 1413 1790 1452 his
1816 1414 1991 1452 animum
2023 1408 2285 1451 advertisset.“

253 1501 362 1547 Quae
389 1504 579 1561 sententia
605 1513 652 1542 an
679 1505 829 1553 placeat
850 1505 943 1543 viris
970 1505 1104 1553 doctis,
1133 1505 1286 1558 dubito3
1313 1506 1406 1545 mihi
1433 1507 1589 1556 quidem
1613 1507 1666 1546 ita
1691 1505 1843 1552 arridet,
1871 1507 1913 1543 ut
1938 1503 1992 1543 illi
2005 1502 2197 1543 adversari
2209 1512 2286 1539 non

254 1597 413 1646 possim,
442 1597 562 1633 donec
589 1597 726 1636 melius
752 1598 843 1646 quid
868 1599 1079 1646 reperiatur
1102 1610 1149 1639 ac
1173 1604 1415 1649 proponatur.

331 1740 566 1786 Quaestione
592 1745 721 1779 nostra
748 1751 872 1789 usque
897 1743 943 1780 ad
969 1742 1107 1780 librum
1135 1743 1327 1782 decimum
1353 1745 1558 1794 producta,
1583 1744 1677 1792 J'am,
1704 1743 1806 1789 quod
1833 1742 1881 1780 ad
1905 1741 2108 1778 maximam
2143 1742 2289 1788 partem

189 1849 197 1851 -
253 1835 497 1883 sequentium
530 1835 644 1870 trium
679 1833 860 1871 librorum
896 1835 1063 1881 attinet‚·
1086 1835 1134 1872 de
1159 1838 1391 1885 auctoribus,
1419 1848 1515 1885 quos
1542 1835 1708 1874 Zonaras
1734 1835 1771 1870 in
1799 1843 1882 1871 rem
1908 1841 2018 1869 suam
2045 1831 2288 1876 converterit,

254 1929 358 1969 dubii
383 1939 459 1966 non
484 1913 740 1965 haerebimus.
794 1925 990 1975 Capitibus
1017 1928 1118 1966 1-—5
1144 1928 1316 1978 Pompeji
1349 1942 1413 1968 res
1446 1933 1575 1978 gestae
1611 1937 1735 1974 usque
1766 1927 1813 1964 ad
1840 1925 1982 1962 bellum
2009 1934 2096 1961 cum
2112 1921 2291 1985 ‘Caesare

255 2022 404 2068 gestum
444 2019 550 2056 civile
591 2019 844 2065 continentur,
886 2029 986 2066 quae
1025 2032 1070 2059 ex
1107 2020 1297 2060 Plutarchi
1331 2024 1407 2062 vita
1445 2020 1617 2070 Pompeji
1655 2022 1804 2057 sumtae
1843 2020 1944 2054 sunt.
1997 2016 2180 2063 Sequitur
2203 2015 2291 2053 Iulii

257 2111 431 2152 Caesaris
456 2109 614 2148 historia
639 2110 762 2158 capite
788 2108 915 2147 6—11
959 2120 1004 2148 ex
1041 2112 1178 2151 eodem
1216 2112 1431 2162 Plutarcho,
1473 2114 1583 2163 cujus
1621 2113 1697 2151 vita
1736 2110 1910 2150 Caesaris
1943 2113 1982 2148 et
2007 2110 2045 2147 in
2073 2107 2291 2147 enarrandis

255 2204 428 2260 Pompeji
466 2203 554 2241 fatis
581 2202 753 2253 Pompeji
792 2204 907 2240 etiam
946 2204 1022 2240 vita
1061 2213 1124 2240 res
1163 2204 1355 2251 verbaque
1394 2205 1540 2249 obtulit.
1607 2203 1734 2252 Caput
1773 2202 2039 2240 duodecimum
2079 2211 2124 2236 ex
2157 2198 2293 2237 Dionis

255 2297 340 2334 libri
366 2295 562 2336 xxxxlv
589 2295 778 2344 capitibus
803 2294 905 2331 4—7
934 2297 973 2331 et
997 2293 1050 2331 20
1074 2304 1182 2343 seqq.
1207 2298 1349 2344 passim
1376 2289 1606 2349 exscriptum
1626 2300 1700 2345 est,
1728 2297 1967 2341 honoresque
1981 2292 2136 2332 Caesari
2150 2293 2298 2332 decreti

259 2393 297 2426 et
323 2390 476 2426 Antonii
504 2390 622 2426 oratio
650 2390 688 2426 in
716 2387 850 2425 funere
879 2384 1053 2424 Caesaris
1079 2388 1208 2428 habita
1231 2390 1279 2428 ad
1304 2390 1462 2429 verbum
1490 2403 1511 2428 e
1538 2392 1661 2444 Dione
1687 2392 1811 2427 sumta
1837 2389 1938 2423 sunt.
1991 2386 2126 2436 Capite
2153 2386 2298 2424 xm—

257 2481 361 2519 XVll
389 2479 584 2519 Octaviani
598 2490 661 2518 res
676 2478 942 2517 describuntur
960 2489 1083 2528 usque
1109 2480 1158 2519 ad
1170 2481 1445 2520 triumviratum
1472 2486 1511 2519 et
1535 2482 1677 2520 bellum
1704 2474 1805 2519 cum*
1817 2480 1936 2518 Bruto
1961 2482 2001 2518 et
2015 2478 2147 2519 Cassio
2174 2481 2299 2518 susci-

259 2574 452 2621 piendum.
511 2572 621 2617 Quae
647 2576 738 2610 sunt
764 2573 865 2620 apud
891 2573 1056 2610 Dionem
1082 2542 1164 2618 libr.
1189 2572 1355 2618 45-47,
1385 2571 1445 2609 16.
1498 2571 1630 2621 Capite
1655 2572 1729 2609 XX
1755 2572 2002 2610 Plutarchum
2015 2573 2154 2611 iterum
2169 2573 2300 2611 laudat

259 2672 297 2705 et
322 2680 488 2713 versum,
518 2680 633 2715 quem
658 2671 905 2716 pronuntians
932 2670 1072 2706 Brutus
1099 2668 1285 2705 moriendi
1312 2669 1509 2705 consilium
1523 2672 1690 2718 ceperat,
1718 2671 1870 2718 repetit,
1898 2669 2133 2717 Porciaeque
2156 2669 2295 2706 excelsi

262 2767 389 2804 animi
405 2777 450 2802 ex
475 2765 592 2803 Bruto
621 2767 816 2804 Plutarchi·
839 2769 1074 2805 mentionem
1101 2766 1202 2805 facit.
1255 2765 1433 2804 Ceterum
1460 2767 1497 2802 in
1524 2766 1703 2808 omnibus
1717 2766 1776 2805 his
1789 2767 1993 2816 propositis
2007 2766 2122 2805 rebus
2136 2766 2299 2805 Dionem

262 2864 443 2912 sequitur.
495 2861 640 2900 Eodem
675 2865 787 2910 modo
822 2864 1007 2914 capitibus
1034 2864 1086 2906 30
1112 2867 1151 2903 et
1175 2864 1222 2904 31
1259 2865 1297 2904 in
1333 2863 1544 2904 enarrando
1578 2864 1732 2904 Antonii
1770 2867 1808 2902 et
1840 2862 2065 2915 Cleopatrae
2099 2865 2249 2903 interitu
2277 2875 2298 2901 e

1751 2969 1775 3006 3
