2582 3285
1232 139 1272 179 4

223 278 386 316 deduxit.
439 276 538 317 Nam
566 279 637 316 etsi
671 277 720 315 ob
748 276 957 324 theologica
992 287 1062 314 sua
1095 248 1231 326 opera,
1268 279 1438 327 inprimis
1474 276 1522 315 ob
1556 262 1830 325 expositionem
1867 287 2055 314 canonum
2090 278 2272 325 apostoli-

220 386 368 423 corum,
396 377 523 424 magni
551 364 835 430 aestimabatur,
878 385 949 410 nec
977 360 1135 410 minim‘a
1157 373 1241 421 eJ'us
1272 376 1308 411 in
1338 374 1499 412 ecclesia
1526 372 1737 412 Christiana
1767 372 1839 410 fuit
1862 375 2080 421 auctoritas,
2116 379 2271 422 propter

219 473 416 512 historiam
452 476 581 511 tamen
616 473 775 521 adeptus
810 473 869 508 est
902 471 1105 509 maximam
1145 472 1244 508 inter
1277 473 1452 518 posteros
1485 470 1659 521 laudem3
1703 482 1772 507 neo
1813 471 2013 508 immerito.
2067 471 2137 509 Est
2168 474 2268 510 enirn

218 570 375 608 loannis
403 570 571 609 Zonarae
600 568 762 607 historia
798 569 911 617 plane
950 568 1096 605 diversa
1130 579 1152 605 a
1180 548 1394 605 ceterorum
1421 567 1714 618 Byzantinorum
1748 568 1785 605 ln
1813 566 1969 606 historia
1995 569 2265 612 moliminibus,

152 649 156 652 ⁵
220 671 259 703 et
285 668 454 704 omnium
482 666 634 704 illorum
664 667 871 704 luminibus
910 667 981 704 dici
1017 667 1076 704 vix
1104 668 1249 713 potest,
1287 668 1471 713 quantum
1502 665 1671 702 offecerit
1696 664 1885 710 Zonaras,
1929 666 1993 712 qui
2028 677 2095 703 eos
2123 667 2159 703 in
2188 670 2266 704 arte

215 763 405 800 scribendi
431 762 579 802 infinito
608 765 821 809 antecedat,
852 767 890 801 et
913 775 1037 811 usque
1067 775 1112 800 eo
1139 763 1186 813 al)
1213 763 1258 799 iis
1286 762 1446 809 differat,
1476 765 1518 799 ut
1544 773 1646 807 eum,
1676 762 1747 798 etsi
1775 773 1850 799 non
1875 762 2017 799 bonum
2046 762 2266 800 historicum

214 871 258 896 ac
287 871 374 897 cum
401 859 599 898 Herodoto
626 861 684 898 vel
712 860 966 908 Xenophonte
995 860 1054 897 vel
1089 859 1307 908 Thucydide
1335 858 1652 906 comparandum,
1690 857 1858 906 proxime
1886 861 2013 896 tamen
2042 860 2141 897 inter
2167 863 2266 897 tem-

210 946 349 1002 porum
374 946 532 994 illorum*
563 946 737 994 homines
772 951 968 994 historiam‘
990 952 1173 1004 vattigisse
1210 953 1392 994 dicamus.
1445 955 1558 992 Modo
1591 942 1638 992 al)
1666 953 1819 991 homine
1848 954 2266 1002 Constantinopolitano

212 1043 358 1090 saeculi
385 1046 887 1103 undecimi-et‘duodecimi
922 1048 1009 1102 post
1036 1052 1230 1093 Christum
1257 1048 1389 1090 natum
1417 1063 1464 1089 ne
1492 1064 1537 1090 ea
1566 1052 1773 1101 exigamus,
1801 1063 1902 1099 quae
1930 1052 1978 1089 ob
2006 1052 2135 1100 populi
2162 1053 2263 1091 illius

212 1141 397 1210 urbisque
436 1142 616 1187 indolem>
643 1153 681 1187 et
721 1151 864 1188 saeculi
887 1151 1006 1188 villius
1046 1151 1239 1203 ingenium
1277 1150 1381 1187 nullo
1421 1151 1531 1197 pacto
1573 1148 1666 1195 engi
1707 1146 1883 1196 debeant.
1937 1147 2059 1186 Nemo
2100 1161 2189 1197 ergo
2224 1153 2262 1187 in

211 1238 356 1283 Zonara
385 1238 643 1295 Thucydidem
671 1240 863 1294 quendam
889 1248 949 1284 vel
977 1249 1147 1285 Tacitum
1176 1248 1339 1284 aliumve
1365 1245 1534 1282 melioris
1561 1249 1673 1282 notae
1702 1245 1924 1292 scriptorem
1948 1249 2129 1293 quaerat3
2167 1258 2260 1283 neve

211 1342 377 1379 Zonaras
413 1346 545 1380 noster
567 1336 845 1394 Jr'Qoerpa-tax'oii
872 1346 911 1380 et
936 1346 1103 1392 reliquis·
1119 1344 1237 1381 titulis
1264 1313 1462 1381 mactetur.
1515 1342 1632 1390 Atqui
1658 1342 1745 1379 tulit
1768 1341 1841 1378 hoc
1868 1342 2017 1379 illorum
2044 1345 2259 1389 temporum

209 1427 376 1483 fortuna,
405 1442 460 1484 ut,
489 1441 661 1486 quamvis
689 1453 751 1477 res
778 1445 909 1488 gestae
937 1443 1035 1479 male
1063 1441 1340 1484 scriberentur,
1378 1440 1619 1485 colligeretur
1638 1441 1771 1477 'tamen
1794 1450 1926 1475 vrerum
1959 1440 2067 1485 copia
2096 1443 2136 1476 et
2161 1439 2260 1477 bona

207 1531 398 1573 interdum
420 1539 579 1574 materia
609 1537 865 1586 conferretur,
903 1539 938 1574 in
974 1551 1048 1584 qua
1077 1539 1140 1575 alii
1175 1537 1378 1584 aliquando
1403 1509 1627 1573 melioribus
1655 1535 1843 1573 aetatibus
1872 1535 2121 1573 elaborarent.
2176 1537 2261 1574 Fuit

206 1633 306 1668 enim
330 1633 406 1668 ista
432 1632 583 1670 illorum
612 1628 854 1671 saeculorum
882 1608 1030 1671 indoles
1058 1638 1097 1670 et
1124 1634 1304 1678 conditio,
1341 1635 1383 1669 ut
1404 1633 1611 1679 ‘scriptores
1635 1642 1762 1668 rerum
1788 1634 1913 1680 potius
1941 1632 2114 1675 studiosi,
2143 1644 2258 1679 quarn

203 1724 388 1765 orationis
414 1731 452 1765 et
478 1724 786 1776 compositionis,
828 1731 948 1777 magis
977 1730 1013 1765 in
1042 1729 1224 1776 augendis
1253 1729 1446 1766 doctrInae
1475 1730 1611 1777 copiis,
1648 1740 1762 1777 quam
1790 1729 1827 1765 in
1854 1728 2052 1766 retinenda
2079 1708 2257 1766 orationis

201 1824 362 1862 sanitate
403 1826 443 1860 et
476 1827 663 1872 ponerent
697 1824 868 1862 laborem
901 1827 939 1861 et
970 1824 1212 1872 proficerent.
1278 1825 1357 1863 Nec
1388 1826 1518 1874 dispar
1549 1828 1607 1863 est
1641 1827 1738 1864 ratio
1772 1824 1963 1869 Zonarae,
2013 1826 2153 1872 quippe
2191 1828 2256 1873 qui

198 1921 316 1958 talem
342 1916 567 1969 tantamque
592 1932 722 1959 rerum
752 1922 900 1969 copiam
928 1922 1041 1959 aliam
1069 1934 1115 1958 ex
1142 1922 1214 1959 alio
1241 1923 1424 1970 scriptore
1451 1921 1659 1969 collegerit,
1685 1924 1728 1959 ut
1755 1932 1842 1959 cum
1869 1921 2030 1960 aliorum
2057 1902 2253 1969 librorum,

197 2012 460 2062 tum'eorum,
489 2018 553 2064 qui
580 2029 624 2054 ex
650 2016 785 2054 Dionis
801 2017 923 2055 Cassii
950 2018 1107 2055 historia
1133 2018 1306 2055 Romana
1332 2020 1547 2065 temporum
1573 2016 1710 2065 injuria
1736 2018 1978 2063 interierunt,
2007 1984 2252 2065 superstitem

196 2113 404 2149 servaverit
438 2124 614 2160 magnam
650 2117 796 2160 partem
830 2115 994 2161 ideoque
1030 2114 1220 2162 permulta
1247 2114 1349 2151 lectu
1378 2114 1489 2161 digna
1516 2114 1693 2151 attulerit.
1744 2114 1795 2151 Et
1821 2113 1991 2162 profecto
2019 2114 2251 2154 Niebuhrius

194 2207 256 2244 ille
293 2208 537 2245 historiarum
572 2209 830 2246 Romanarum
866 2211 964 2247 inter
996 2213 1147 2247 nostros
1184 2211 1377 2255 conditor,
1421 2211 1720 2258 idoneusoerte
1756 2211 1789 2246 sl
1817 2210 1902 2257 quis
1930 2209 2026 2246 alius
2053 2210 2168 2258 hujus
2195 2212 2250 2247 rei

196 2303 349 2363 arbiter,
379 2303 488 2350 cujus
516 2304 675 2352 perfecti
702 2305 904 2342 literatoris
931 2306 1176 2342 recordamur
1204 2317 1277 2341 non
1307 2307 1389 2342 sine
1418 2305 1543 2342 debita
1572 2306 1776 2352 gratiarum
1804 2305 1967 2349 actione,
1997 2306 2141 2352 primus
2162 2305 2246 2383 {um

193 2400 257 2446 qui
286 2398 438 2446 publice
468 2402 504 2435 et
530 2401 711 2438 intentius
745 2402 790 2439 ad
820 2401 1006 2438 Zonaram
1043 2402 1245 2448 legendum
1280 2402 1379 2438 viros
1417 2402 1547 2438 doctos
1574 2404 1743 2446 vocaret,
1773 2404 1811 2437 et
1838 2404 1878 2438 ut
1903 2400 2032 2447 rebus,
2062 2413 2157 2449 quas
2185 2402 2246 2438 ille

190 2491 359 2540 offerret,
388 2494 598 2532 utilissimis
626 2496 790 2534 libenter.
813 2496 1040 2542 fruerentur,
1068 2498 1301 2536 admoneret.
1315 2497 1358 2546 ⁸)

230 2674 261 2712 *)
285 2673 337 2704 Cf.
368 2674 537 2706 Niebuhr‘s
568 2675 737 2706 Komisene
769 2674 969 2706 Geschichte.
1006 2681 1036 2710 1.
1060 2676 1143 2706 Aus-
1245 2691 1252 2699 ·
1293 2676 1422 2716 „hung
1455 2676 1513 2707 mit
1547 2686 1683 2717 grassem
1698 2659 1704 2665 ‚
1717 2676 1895 2707 Vertrnucu
1929 2677 1995 2706 und
2024 2676 2244 2713 Danhbarkeit

184 2750 283 2792 gaam.-
311 2750 369 2780 Th.
393 2755 426 2786 2.
462 2732 496 2793 p,
519 2755 573 2786 27.
608 2746 708 2781 Anu.
732 2756 786 2786 31.
832 2753 912 2789 „ren
934 2753 1013 2783 habe
1036 2754 1142 2784 ‹nese-1
1291 2753 1475 2789 „mmmm
1521 2753 1566 2783 Es
1587 2754 1628 2783 ist
1651 2753 1807 2791 bekannt,
1831 2754 1903 2783 «ιω
1925 2753 2007 2783 scine
2029 2754 2129 2783 utere
2150 2754 2243 2783 rami-

185 2827 403 2869 „Byzantiuer
436 2829 531 2860 sehon
565 2829 693 2866 srfihcr,
733 2830 798 2860 und
834 2830 939 2860 werde
974 2830 1027 2861 ihn
1062 2831 1142 2861 noch
1289 2831 1382 2867 „sche
1405 2829 1605 2868 Gcschichte,
1628 2842 1688 2862 von
1707 2831 1835 2862 Aeneas
1856 2830 1905 2861 bis
1924 2830 2041 2861 aur-lie
2052 2829 2243 2871 zer-stomng
