2582 3285
247 264 410 344 eamque
423 294 686 343 gravissimam
714 297 756 331 et
778 292 901 331 relatu
919 292 1181 339 dignissimam
1193 303 1239 330 ex
1252 301 1454 342 oper-esne
1467 290 1641 332 excidere
1653 301 1792 340 passus
1810 294 1873 339 sit,
1899 292 2295 342 libronmpenuriam

245 395 423 441 excusat3
451 389 544 439 quid
569 387 726 439 quidem
751 386 834 426 fleri
859 397 936 425 non
961 387 1163 436 potuisset,
1189 388 1223 426 si
1240 398 1377 427 omnes
1400 387 1468 426 ille
1483 387 1589 436 libri,
1613 397 1814 437 quorume
1827 387 1992 431 lectione
2006 389 2176 437 lexicon,
2193 389 2296 438 quod

245 488 413 526 condidit
439 485 621 533 Zonaras,
646 484 797 535 prodiit,
824 487 908 523 tum
935 482 972 521 ei
999 483 1046 521 ad
1072 492 1213 521 manus
1238 482 1413 521 fuissent.
1465 459 1550 543 fiee
1575 495 1667 523 vero
1695 485 1755 522 hic
1781 494 2030 531 moneamus,
2059 494 2182 535 quum
2207 485 2295 533 ptu-

242 586 339 643 rima
365 584 504 622 horum
532 590 691 631 operum
718 588 808 618 cum
828 582 955 618 aetate
984 583 1023 616 et
1048 585 1213 628 persona
1237 578 1409 618 Zoume
1432 581 1587 629 -optime
1613 560 1852 629 conveniant,
1892 581 2039 621 lexicon
2065 589 2244 629 graecum
2271 592 2295 618 a

242 682 457 718 Tittmanno
483 679 521 737 in
549 676 677 716 lucem
704 679 941 725 protractum
967 677 1194 725 egregieque
1220 677 1367 714 editum
1391 676 1496 714 nullo
1509 676 1625 715 modo
1639 675 1811 716 Zonarae
1823 680 1955 717 nostro
1970 687 2084 726 posse
2097 678 2292 726 assignari.

241 776 338 814 Cum
365 784 461 825 pace
489 774 700 828 doctissimi
723 773 807 821 viri,
835 774 901 823 qui
928 772 993 812 diu
1020 773 1213 812 haesitans
1238 772 1410 813 Zonarae
1436 784 1577 812 nornen
1604 773 1642 810 in
1669 771 1790 810 lexico
1815 773 1882 813 illo
1903 774 2108 823 inscripsit,
2135 776 2292 818 senten-

235 873 329 910 iiam
356 861 538 909 nostram'
554 868 809 919 proferamus.
861 868 941 907 Nos
966 858 1205 908 enim'vatde
1230 868 1473 917 dubitamus,
1512 879 1608 908 num
1637 868 1782 907 lexicon
1814 867 1909 909 illud
1936 868 2151 917 Graecum,
2186 869 2289 919 quod

234 969 479 1007 Tittmannus
504 967 561 1006 vir
586 966 821 1006 clarissimus
849 966 987 1012 edidit,
1021 965 1069 1005 ab
1094 965 1233 1004 eodem
1268 965 1333 1004 illo
1369 965 1518 1005 Zonara
1549 966 1803 1016 compositum
1838 967 2099 1015 scriptumque
2126 967 2188 1013 sit,
2214 967 2291 1015 ‚qui

235 1068 296 1103 est
323 1063 518 1107 annalium
545 1065 702 1114 auctor-3
737 1065 806 1102 aut
828 1063 862 1100 si
888 1062 1033 1100 lexicon
1061 1065 1101 1101 et
1125 1058 1320 1102 annalium
1347 1072 1445 1111 opus
1479 1061 1528 1100 ab
1555 1073 1633 1100 uno
1659 1061 1875 1112 eodemque
1902 1063 2098 1112 scriptore¹
2115 1060 2289 1111 coniecta

230 1163 339 1205 sunt,
368 1157 443 1205 non
471 1159 706 1206 dubitamus,
724 1158 826 1208 'quin
853 1162 1001 1199 certum
1029 1169 1116 1195 esse
1128 1158 1316 1206 videatur,
1343 1159 1502 1198 annales
1517 1158 1646 1197 multis
1659 1136 1770 1197 annis
1785 1161 1874 1197 ante
1889 1158 2034 1202 lexicon
2054 1160 2290 1208 conscriptos

234 1266 334 1294 esse.
388 1255 499 1300 Quae
534 1258 665 1294 nostra
709 1255 900 1296 sententia
922 1256 979 1303 ,ln
1015 1264 1061 1292 eo
1094 1255 1257 1294 maxime
1292 1255 1442 1302 nititur,
1484 1254 1817 1314 quod‚annalium
1852 1255 1999 1304 priores
2030 1253 2104 1293 xli
2131 1254 2217 1293 libri
2243 1264 2288 1291 ex

231 1337 564 1399 septem-*tantum
599 1332 792 1395 fontibus,
828 1352 928 1390 sacri
962 1350 1102 1388 codicis
1137 1352 1313 1389 versione
1347 1350 1622 1397 Alexandrina,
1658 1348 1848 1403 losephnj,
1885 1351 2029 1395 Dione,
2063 1350 2286 1392 Plutarcho,

232 1446 505 1494 Xenophonte,
531 1446 742 1492 Herodoto,
769 1445 940 1485 Eusebio
967 1456 1214 1494 promanasse
1241 1446 1433 1494 videntur,
1457 1456 1576 1494 quum
1603 1446 1642 1484 ln
1668 1446 1790 1484 lexico
1815 1446 1970 1485 ducenti
1989 1445 2069 1484 iere
2083 1447 2288 1494 scriptores

233 1544 370 1582 Graeci
399 1542 541 1580 laudati
568 1534 829 1591 nominatique
855 1542 932 1579 sint
956 1541 1221 1594 plurimaeque
1242 1554 1357 1580 voces
1385 1543 1656 1591 transscriptae
1684 1554 1730 1580 ex
1755 1543 1801 1580 iis
1822 1543 1915 1591 ipsis
1940 1542 2182 1589 auctoribus,
2221 1543 2286 1590 qui

230 1631 276 1676 ad
305 1638 462 1676 annales
491 1639 712 1676 condendos
738 1639 899 1677 multam
925 1638 1097 1677 Zonarae
1124 1650 1282 1687 operam
1309 1640 1602 1687 praestitissent,
1630 1641 1674 1676 ut
1699 1650 1722 1677 e
1748 1639 1904 1688 Polybio
1931 1639 2106 1687 aliisque.
2156 1639 2283 1677 Etiam

231 1748 275 1772 ex
303 1735 429 1771 Dione
456 1733 603 1780 Cassio,
629 1733 847 1779 Plutarcho,
875 1733 1057 1782 Josepho,
1086 1745 1183 1782 quos
1210 1736 1248 1771 in
1276 1734 1476 1773 annalibus
1502 1735 1582 1791 spis
1606 1735 1817 1784 exscripsit,
1844 1736 1883 1771 in
1898 1735 2019 1772 lexico
2032 1736 2285 1799 paucissimos

228 1832 331 1866 locos
359 1832 547 1865 recenset.
600 1829 764 1865 Lexicon
791 1828 884 1867 illud
913 1830 1027 1875 igitur
1051 1833 1117 1868 aut
1139 1829 1306 1870 Zonaras
1334 1831 1428 1876 iste,
1465 1832 1530 1878 qui
1566 1830 1760 1886 annalium
1787 1832 1922 1874 auctor
1948 1805 2038 1880 est,v
2065 1830 2179 1878 plane
2206 1801 2282 1870 non

226 1927 391 1973 scripsit,
419 1928 485 1962 aut
511 1925 632 1962 multo
652 1925 857 1972 posterius,
893 1927 1096 1972 postquam
1122 1927 1247 1962 omnis
1274 1926 1339 1963 illa
1365 1925 1549 1963 librorum
1577 1926 1700 1973 copia,
1737 1935 1854 1974 quam
1878 1925 2071 1966 desiderat
2096 1927 2133 1963 in
2162 1938 2283 1963 anna-

224 2023 341 2065 libus,
370 2022 405 2056 ei
432 2022 598 2067 contigit.
653 2020 768 2065 Quod
794 2031 885 2057 vero
911 2021 970 2057 vix
996 2022 1113 2064 statui
1141 2031 1254 2067 posse
1283 2022 1558 2066 existimamus,
1586 2032 1705 2069 quum
1720 2021 1913 2065 annalium
1929 2024 2075 2066 auctor,
2102 2023 2133 2058 si
2147 2028 2282 2070 postea

224 2118 309 2153 illos
338 2115 469 2160 libros,
507 2126 671 2163 quorum
696 2126 769 2163 ope
799 2116 934 2154 lacuna
960 2116 1034 2152 ista
1060 2116 1145 2152 libri
1173 2118 1262 2152 noni
1291 2116 1432 2163 expleri
1453 2118 1662 2164 potuisset,
1699 2120 1835 2157 nactus
1862 2115 2012 2163 fuisset,
2042 2129 2137 2165 opus
2165 2129 2278 2159 suum

224 2214 350 2249 denuo
378 2223 583 2250 recensere
612 2211 815 2260 omniaque
844 2223 901 2260 ea,
931 2223 1030 2261 quae
1059 2212 1190 2259 primis
1219 2213 1319 2249 curis
1345 2212 1405 2253 vel
1434 2211 1608 2260 neglecta
1633 2212 1693 2249 vel
1720 2213 1863 2252 omissa
1889 2217 2011 2260 erant,
2038 2224 2216 2262 reparare
2244 2220 2281 2253 et

227 2308 366 2344 addere
394 2308 638 2346 dubitaturus
665 2318 740 2343 non
768 2306 915 2343 fuisset.
966 2278 1103 2355 ltaque
1131 2308 1275 2344 lexicon
1308 2309 1514 2346 Tittmanni
1550 2278 1616 2345 aut
1648 2308 1696 2347 ab
1725 2308 1798 2346 alio
1827 2309 1993 2356 quodam
2020 2308 2178 2357 zonara,
2215 2316 2280 2350 aut

222 2416 243 2441 a
274 2404 403 2440 nescio
431 2414 506 2450 quo
533 2403 613 2439 viro
641 2403 754 2440 docto
783 2402 1001 2441 coniectum
1028 2414 1114 2440 esse
1144 2406 1335 2451 putamus.

298 2552 376 2590 Sed
404 2552 608 2591 redeamus
636 2552 683 2590 ad
711 2563 790 2590 rem
804 2523 1067 2601 propositam.
1122 2551 1200 2590 Nos
1228 2552 1383 2603 quidem
1412 2529 1489 2590 non·
1504 2552 1734 2599 dubitamus,
1763 2554 1853 2602 quin
1869 2552 2037 2593 Zonaras
2054 2554 2276 2607 compilator

220 2650 467 2698 compilatore
495 2648 618 2685 Dione
646 2658 740 2685 usus
766 2649 824 2684 sit.
879 2648 956 2685 Sed
984 2648 1176 2696 quomodo
1204 2648 1347 2687 factum
1375 2651 1453 2694 est,
1491 2651 1532 2686 ut
1559 2649 1621 2686 ille
1649 2661 1718 2700 per
1749 2652 1871 2688 totum
1899 2641 2081 2699 temporis
2107 2653 2273 2701 spatium

219 2748 306 2782 inde
335 2747 381 2784 ab
410 2756 542 2783 eversa
577 2743 760 2791 Corintho
797 2755 919 2794 usque
954 2744 1002 2783 ad
1036 2745 1262 2794 Pompejum
1290 2757 1365 2783 non
1395 2745 1567 2792 haberet,
1597 2757 1711 2794 quem
1727 2745 1991 2785 exscriberet?
2044 2747 2152 2787 Unde
2179 2748 2273 2787 haec

217 2842 400 2882 librorum
427 2844 608 2890 penuria,
648 2852 766 2889 quum
802 2842 906 2879 initio
941 2841 1024 2881 libri
1060 2842 1198 2881 decimi
1232 2842 1333 2881 aliud
1369 2842 1582 2891 reperiatur
1603 2844 1639 2881 in
1668 2845 1753 2882 vitis
1780 2843 1951 2893 Pompeji
1979 2847 2019 2882 et
2047 2842 2220 2884 Caesaris
2250 2858 2272 2884 a

2555 1958 2582 1987 ‘b
