2582 3285
261 289 364 323 tibus
391 288 562 321 deditum
591 296 678 321 esse
705 285 845 331 refert,
880 285 1014 320 Dionis
1043 287 1115 330 est,
1150 283 1261 333 qu'us
1288 280 1463 320 conserus
1491 278 1747 330 fragmentum
1773 278 1991 321 xxxxiiii
2017 278 2314 323 Peireseiaaum.

260 348 352 421 inde
380 395 403 420 a
431 385 555 431 capite
583 382 669 419 vul
696 392 819 430 usque
847 381 895 418 ad
922 381 1123 429 cap-XVII
1150 381 1296 419 bellum
1322 379 1509 419 Punicum
1535 378 1700 428 primum
1727 379 1869 427 narrat,
1895 389 1972 428 quo
1999 379 2036 418 in
2064 379 2314 421 describendo

261 484 344 519 sine
372 481 450 518 ulla
477 480 713 517 dubitatione
739 478 873 515 Dionis
900 477 1016 515 verba
1043 478 1313 527 transscripsit.
1366 476 1587 526 Polybium,
1632 476 1697 525 qui
1724 485 1823 513 unus
1850 486 1874 514 a
1900 475 2010 515 nobis
2046 478 2094 518 de
2121 471 2184 517 illo
2212 477 2314 518 bello

263 578 473 627 comparari
501 580 647 626 potest,
684 575 838 612 omniuo
867 585 943 611 non
970 575 1080 621 vidit,
1117 574 1184 611 vel.
1204 575 1236 611 si
1261 572 1372 619 vidit,
1410 571 1515 610 nulla
1537 569 1623 621 ejus
1651 582 1744 611 usus
1771 574 1832 611 est
1858 583 1988 622 opera,
2015 574 2157 623 quippe
2184 577 2247 625 qui
2275 577 2312 615 in

261 676 436 725 piurimis
463 643 578 711 rebus
605 671 827 720 longissime
864 672 911 709 ab
946 671 992 709 eo
1019 671 1173 709 recedat
1201 673 1239 707 et
1266 670 1523 708 diversissima
1550 666 1701 706 referat.
1754 668 1962 709 Scientiam
1988 670 2143 722 quidem
2169 672 2314 724 Polybii

261 773 394 809 habuit
425 770 594 817 aliquam
621 768 812 818 Zonaras3
859 769 1030 805 nominat
1064 769 1165 805 enim
1202 778 1311 813 eum,
1348 769 1391 803 ut
1416 766 1610 824 Romanae
1646 763 1826 802 historiae
1860 767 2086 816 scriptorem
2118 778 2194 807 una
2230 780 2317 809 cum

260 869 386 905 Dione
414 867 607 914 annalium
635 864 720 901 libri
747 864 813 905 111.
841 875 872 900 c.
901 865 925 903 7
954 867 992 900 et
1018 864 1065 905 ad
1094 875 1183 901 eum
1212 874 1279 900 eos
1307 852 1455 908 omnes,
1484 863 1548 909 qui
1563 844 1821 904 Romanorum
1849 865 1912 900 re's
1940 852 2170 912 cognoscere
2185 865 2313 911 velint,

262 964 427 1010 ablegat,
461 962 530 999 sed
557 971 649 998 num
682 962 766 1009 ipse
799 959 933 1007 legerit
967 970 1064 1009 opus
1100 971 1184 1008 ejus
1219 960 1435 1007 egregium,
1462 958 1572 996 valde
1600 957 1840 1008 dubitamus3
1876 959 1914 996 in
1942 970 1989 997 eo
2016 962 2145 1002 autem
2169 961 2313 1010 justam

260 1058 602 1106 reprehensionem
630 1036 812 1103 effugere.
828 1067 902 1093 non
931 1059 1076 1109 potest,
1121 1037 1223 1103 quod
1250 1055 1371 1093 multa
1397 1054 1444 1098 ad
1471 1032 1660 1094 bellorum
1686 1054 1917 1093 Punicorum
1944 1057 2086 1097 statum
2114 1067 2158 1098 ae
2187 1058 2318 1095 condi·-

263 1157 407 1193 tionem
451 1153 759 1202 pernoscendam
799 1154 1016 1190 necessaria
1055 1152 1114 1188 vel
1157 1151 1319 1199 neglexit
1352 1151 1411 1188 vel
1455 1150 1574 1188 levius
1608 1152 1791 1194 tractavit.
1844 1151 1978 1200 Itaque
2019 1164 2137 1204 quum
2174 1154 2317 1195 bellurn

263 1251 451 1288 Punicum
481 1251 645 1298 primum
674 1259 695 1284 e
722 1247 868 1295 Polybii
905 1248 1001 1288 libro
1030 1259 1233 1294 excerpere
1262 1247 1439 1295 potuerit,
1470 1246 1574 1284 nulla
1601 1249 1728 1283 tamen
1757 1247 1841 1296 eJ‘us
1869 1251 2053 1302 apparent
2068 1249 2319 1301 documentat,

262 1349 299 1383 in
329 1347 466 1383 ceteris
503 1348 633 1382 autem
666 1343 777 1381 fusus
810 1346 868 1381 est
894 1343 1074 1393 Polybius
1110 1349 1148 1381 et
1186 1348 1265 1382 tam
1301 1344 1454 1394 copiose
1490 1343 1537 1380 de
1565 1343 1742 1381 omnibus
1770 1343 1886 1388 rebus
1912 1346 2008 1393 agit,
2039 1349 2081 1383 ut
2107 1346 2318 1394 loquacitas

264 1442 455 1491 quaedam
483 1444 523 1478 et
548 1441 708 1478 iterandi
736 1439 923 1489 cupiditas
960 1442 997 1478 in
1035 1419 1211 1479 laudibus
1247 1439 1457 1479 tribuendis
1487 1442 1525 1477 et
1552 1439 1775 1482 inculcanda
1803 1450 2024 1484 caussarum
2054 1443 2317 1485 observatione

261 1539 352 1576 xitio
380 1538 415 1575 ei
443 1548 519 1575 non
546 1537 641 1575 verti
656 1518 833 1585 nequeat.
859 1535 1026 1575 Zonaras
1054 1537 1167 1585 igitur
1192 1540 1340 1576 tantum
1369 1535 1501 1581 abfuit,
1530 1538 1573 1579 ut
1599 1536 1684 1584 ejus
1700 1538 1850 1584 generis
1865 1541 2061 1580 auctorem
2077 1538 2318 1585 exscriberet,

263 1637 305 1672 ut-
341 1644 430 1670 eum
480 1635 723 1672 aversaretur
769 1632 1119 1680 detestareturque.
1172 1631 1319 1670 Eadem
1367 1631 1413 1668 de
1442 1643 1588 1676 ‚caussa
1626 1644 1714 1669 eum
1749 1626 1844 1669 cum‘
1873 1634 2047 1681 Appiano
2093 1637 2206 1675 etiarn
2241 1648 2323 1677 rem

264 1730 447 1768 habuisse
483 1728 628 1767 nullam
661 1731 863 1776 putamus,
913 1727 1023 1775 cujus
1061 1728 1216 1778 quidem
1254 1728 1487 1769 mentionem
1526 1726 1632 1774 tacit,
1676 1731 1792 1777 atque
1824 1731 1898 1774 ita,
1940 1734 1981 1767 ut
2012 1731 2196 1769 librorum
2224 1718 2324 1769 illius

265 1826 435 1863 historici
467 1835 669 1862 numerum
707 1827 746 1861 et
771 1826 997 1872 argumenta
1029 1835 1073 1861 se
1107 1836 1221 1872 posse
1250 1824 1445 1870 ostendat,
1480 1824 1548 1867 sed
1575 1825 1765 1862 scribendi
1790 1793 1886 1863 ratio
1913 1828 2076 1876 Appiani
2102 1829 2322 1876 longissime

264 1935 286 1960 a
314 1922 460 1959 ratione
489 1890 685 1958 annalium
712 1923 930 1957 nostrorum
971 1922 1119 1957 remota
1158 1923 1226 1957 est.
1281 1921 1478 1968 Appianus
1513 1920 1615 1958 enim
1640 1919 1900 1958 Romanorum
1934 1935 1997 1960 res
2025 1927 2162 1985 gestas·
2179 1926 2216 1962 in
2244 1925 2324 1961 sin-

264 2019 438 2066 gularum
465 2017 745 2066 provinciarum
772 2015 950 2053 historias
980 2014 1245 2065 distribuerat3
1290 2015 1457 2054 Zonaras
1492 2018 1621 2054 contra
1658 2016 1828 2054 omnium
1865 2020 2093 2072 populorum
2130 2011 2324 2069 totiusque

264 2115 370 2152 orbis
398 2115 586 2150 terrarum
620 2124 681 2149 res
714 2114 842 2159 gestas
878 2112 1060 2149 historiae
1085 2110 1318 2149 Judaeorum
1347 2113 1533 2160 primum,
1573 2115 1651 2149 tum
1677 2111 1935 2154 Romanorum
1964 2117 2111 2163 astruit,
2141 2101 2205 2162 ut‚'
2224 2130 2323 2165 quae

266 2211 371 2249 nullo
408 2210 490 2246 iere
530 2208 645 2246 modo
682 2211 770 2256 apte
806 2208 982 2257 conjungi
1017 2209 1165 2256 possint
1196 2207 1256 2245 vel
1291 2219 1368 2246 una
1405 2206 1559 2251 referri,
1602 2207 1818 2257 conjungat.
1872 2209 2014 2251 Verum
2049 2224 2202 2250 omnem
2238 2212 2325 2251 belli

265 2308 398 2344 Punici
426 2306 539 2353 primi
575 2304 774 2341 historiam
803 2314 825 2340 a
852 2302 975 2340 Dione
1010 2315 1097 2340 esse
1131 2304 1440 2351 transscriptum‚
1470 2303 1701 2351 fragmenta,
1731 2315 1829 2358 quae
1858 2308 2026 2352 exstant,
2064 2306 2209 2349 Dionis,
2239 2308 2327 2346 Pei-

265 2400 484 2437 rescianum
511 2393 723 2441 XXXXIV',
752 2396 954 2434 Ursiniana
969 2394 1235 2432 cxxxxvm
1263 2397 1301 2431 et
1328 2394 1560 2442 CXXXXIX
1585 2397 1735 2433 docent.
1790 2396 1986 2446 Capitibus
1999 2398 2325 2446 xvnr—xxJes

265 2492 525 2527 Romanorum
562 2491 662 2526 inter
697 2489 841 2525 bellum
867 2487 1058 2525 Punicum
1092 2489 1258 2536 primum
1294 2490 1331 2522 et
1357 2488 1570 2523 secuudum
1599 2491 1728 2535 gestae
1756 2480 2029 2542 memorantur,
2067 2485 2165 2541 quae
2194 2491 2325 2533 Dionis

267 2590 357 2622 sunt
384 2586 512 2621 omnia
540 2585 704 2620 testibus
731 2583 1225 2631 fragmentiQPeirescianls
1252 2581 1433 2618 XXXX'V
1447 2575 1500 2617 'et
1525 2581 1736 2628 xxxxvl,
1765 2582 1973 2620 Ursinianis
1996 2582 2064 2620 'CL
2091 2586 2133 2620 et*
2160 2583 2258 2629 CLI.¹

345 2729 528 2778 Sequitur
555 2727 698 2765 bellum
727 2727 912 2771 Punicum
942 2728 1179 2774 secundum,
1226 2729 1328 2777 quod
1361 2728 1450 2766 inde
1485 2740 1505 2766 a
1536 2729 1657 2775 capite
1686 2726 1775 2765 xxl
1810 2729 1953 2773 ultimis
1986 2741 2052 2766 sex
2086 2731 2170 2767 libri
2207 2732 2328 2768 octavi

270 2821 455 2869 capitibus
484 2825 521 2860 et
551 2823 646 2860 libro
675 2834 776 2861 nono
809 2834 932 2870 usque
969 2823 1016 2860 ad
1046 2826 1159 2872 caput
1184 2822 1273 2861 XIV
1310 2823 1515 2861 admodum
1544 2823 1697 2870 copiose
1726 2826 1934 2861 enarratur.
1990 2821 2099 2869 Quae
2129 2822 2255 2859 omnia
2284 2833 2327 2858 ex
