2582 3285
833 173 846 199 Ι
1258 166 1329 205 Ι.

264 318 363 359 quae
390 307 451 344 hic
477 303 751 344 transscribere
779 304 935 351 longum
961 304 1032 340 est.
1086 301 1223 351 Neque
1249 301 1377 339 minus
1405 311 1559 346 eorum,
1586 309 1685 347 quae
1714 309 1824 349 capp.
1851 300 1917 339 lx.
1943 300 1991 339 X.
2017 299 2083 338 xl.
2110 300 2159 338 de
2186 300 2317 339 Servio

264 398 386 437 Tullio
414 399 454 435 et
480 395 685 444 Tarquinio
712 393 908 443 Superbo,
946 395 994 433 de
1029 393 1210 433 Lucretia
1232 396 1417 443 ,stuprata
1452 397 1492 431 et
1516 393 1817 442 Tarquiniorum
1862 393 1952 442 fuga
1984 393 2150 434 Zonaras
2187 393 2318 440 refert,

262 493 338 529 Dio
361 494 426 529 est
451 493 596 534 auctor,
624 487 734 536 cujus
762 488 838 525 duo
865 488 958 525 satis
987 487 1101 534 longa
1127 487 1340 533 fragmenta
1352 487 1396 533 ¹¹]
1423 486 1540 524 fidem
1567 485 1722 527 faciunt.

341 633 475 684 Capite
504 630 730 670 duodecimo
758 630 847 669 inde
876 642 898 670 a
922 613 1070 670 ⁴verbis:
1096 630 1142 671 ἐκ
1167 628 1270 681 δέγε
1288 610 1506 686 Ταρκυνίοὺ
1527 628 1715 693 πρξσβεις
1726 630 1782 677 εἰς
1792 626 1940 681 Ῥώμην
1952 620 2045 678 ἧκον
2068 627 2315 668 Plutarchum

264 722 451 776 sequitur,
464 722 529 771 ¹⁸⁸]
563 734 640 773 quo
673 708 885 773 praeeunte
921 724 1023 764 bella
1050 735 1138 763 cum
1164 698 1378 773 Tarquiniis
1407 727 1445 762 et
1470 708 1667 763 Porsenna
1693 721 1871 769 Etrusco,
1895 709 2043 761 'benum
2072 720 2254 759 Sabinum
2283 726 2321 760 et

262 817 377 869 Appii
405 814 556 855 Claudii
589 814 861 866 transfugium,
903 815 1068 867 denique
1100 817 1241 857 Valerii
1271 819 1433 855 mortem
1469 821 1608 856 narrat.
1660 816 1720 855 De
1749 796 2016 865 quaestoribus
2041 818 2194 863 autem,
2223 826 2320 863 quos

261 909 428 948 instituit
451 905 648 954 Valerius,
684 901 869 948 nonnulla
896 922 919 948 a
944 908 1158 949 Plutarcho·
1178 910 1327 949 diversa
1359 909 1473 948 tradit
1506 912 1572 946 aut
1599 888 1669 947 suo
1696 895 1848 957 iugenio
1875 907 1972 947 usus'
1995 932 2049 937 —
2076 911 2319 957 antiquorum

264 1004 368 1041 enim
393 989 654 1051 Romanorum
689 1012 818 1040 mores
856 1006 895 1040 et
930 1005 1102 1042 instituta
1134 1004 1262 1052 paullo
1296 1003 1488 1052 copiosius
1524 992 1712 1053 explicare
1744 1002 1843 1040 solet
1854 1000 1940 1049 m)
1966 1023 2019 1028 —
2059 1005 2124 1039 aut
2156 1001 2319 1038 Dionem
2346 1050 2349 1051 ⁷

261 1093 335 1131 hac
361 1094 400 1129 in
424 1103 467 1129 re
492 1096 663 1132 secutus.

342 1186 376 1223 A
403 1185 531 1222 medio
559 1186 648 1223 inde
678 1187 802 1235 capite
829 1185 978 1226 decimo
1012 1189 1123 1227 tertio
1157 1200 1280 1238 usque
1317 1190 1365 1228 ad
1399 1193 1514 1239 caput
1537 1189 1761 1245 yicesimum
1782 1191 1947 1239 primum
1973 1202 2036 1228 res
2061 1188 2319 1226 Romanorum

261 1279 478 1317 secundum
504 1277 669 1316 Dionem
696 1278 926 1327 reseruntur,
955 1281 993 1318 id
1021 1281 1124 1330 quod
1153 1293 1198 1320 ex
1224 1281 1436 1331 fragmento
1461 1280 1596 1321 Dionis
1607 1280 1751 1320 XXVII
1776 1286 1945 1333 apparet.
2000 1282 2116 1329 Quin,
2145 1291 2244 1328 quae
2273 1280 2319 1316 de

265 1375 413 1411 mutata
441 1370 644 1409 consulum
679 1372 933 1411 creandorum
967 1374 1114 1412 ratione
1142 1376 1295 1424 scripsit
1320 1374 1502 1424 Zonaras,
1532 1387 1578 1414 ex
1605 1376 1728 1414 Dione
1755 1376 1950 1420 sumserit,
1978 1376 2015 1412 in
2044 1373 2319 1411 dubitationem

264 1465 392 1504 vocari
417 1477 494 1504 non
521 1468 669 1515 potest3
710 1467 875 1514 prodidit
902 1468 1004 1506 enim
1031 1471 1261 1516 memoriae,
1298 1470 1421 1518 plebis
1448 1469 1640 1516 tribunos,
1678 1479 1797 1518 quum
1833 1470 1880 1506 de
1906 1469 1990 1515 lege
2018 1467 2175 1515 agraria,
2203 1475 2320 1513 quam

262 1558 427 1606 Spurius
456 1558 613 1597 Cassius
640 1564 850 1607 rogaverat,
886 1561 1077 1609 ageretur,
1113 1566 1319 1610 utrumque
1354 1563 1553 1600 consulem
1589 1575 1612 1600 a
1639 1563 1806 1610 patriciis
1835 1561 2045 1606 designari,
2083 1570 2157 1594 non
2186 1567 2320 1604 passos

260 1665 370 1698 esse,
410 1653 500 1699 sed,
539 1657 583 1691 ut
607 1654 690 1700 ipsa
716 1656 826 1701 plebs
854 1657 1017 1693 alterum
1046 1659 1245 1694 consulem
1274 1668 1319 1693 ex
1345 1658 1514 1703 patriciis
1542 1657 1711 1704 eligeret,
1740 1656 1953 1702 ssagitasse3
1981 1652 2084 1699 quod
2112 1661 2231 1697 quum
2255 1623 2320 1695 jus

264 1745 420 1784 creandi
445 1745 555 1793 plebs
583 1746 873 1793 adipisceretur,
899 1748 1081 1795 Spurium
1108 1752 1237 1787 statim
1264 1750 1420 1787 Furium
1448 1749 1495 1787 ab
1522 1761 1567 1786 ea
1594 1752 1763 1786 creatum
1792 1759 1890 1785 esse.

339 1890 417 1927 Sed
444 1889 612 1926 Zonaras
642 1900 710 1926 cur
736 1890 774 1927 in
803 1888 995 1929 Coriolani
1031 1890 1188 1932 historia
1214 1894 1330 1933 vitam
1366 1892 1450 1943 ejus
1479 1905 1501 1932 a
1528 1859 1732 1931 Plutarcho
1768 1890 1958 1939 depictam
1987 1898 2062 1924 non
2091 1886 2317 1929 adhibuerit,

263 1984 443 2033 equidem
469 1984 614 2021 nescio.
664 1983 820 2033 Ignorat
846 1971 948 2021 enim
976 1984 1028 2023 ita
1053 1985 1173 2034 plane·
1195 1994 1295 2033 eam,
1323 1989 1366 2024 ut
1391 1986 1503 2034 longe
1532 1985 1642 2024 aliter
1669 1993 1713 2022 ac
1739 1980 1966 2021 Plutarchus
1994 1990 2056 2017 res
2084 1981 2209 2026 gestas
2234 1991 2319 2017 esse

260 2078 391 2113 narret
417 2078 462 2111 et·
480 2075 663 2113 nonnulla
687 2075 843 2122 reserat,
872 2086 971 2124 quae
1000 2078 1102 2126 apud
1128 2077 1375 2117 Plutarchum
1403 2090 1479 2118 non
1506 2079 1704 2126 leguntur,
1750 2077 1792 2112 ut
1818 2077 1937 2112 artem
1966 2047 2056 2109 Attii
2086 2071 2202 2119 Tulli,
2245 2057 2319 2120 qua

259 2169 444 2206 Romanis
470 2167 676 2217 persuasit,
704 2170 746 2203 ut
768 2167 930 2205 Volscos
958 2141 1108 2207 a'ludis
1137 2170 1381 2210 Circensibus
1409 2172 1514 2210 abire
1536 2170 1730 2220 juberent,
1761 2180 1835 2217 qua
1862 2167 2066 2216 ignominia
2094 2164 2319 2202 Volscorum

263 2265 395 2311 gentes
432 2260 480 2299 ad
506 2273 613 2299 arma
638 2260 820 2299 Romanis
847 2261 1044 2300 inferenda
1071 2264 1205 2301 irritati
1232 2266 1319 2302 sint.
1370 2265 1467 2302 Tum
1493 2275 1584 2302 vero
1611 2236 1649 2301 in
1678 2262 1826 2300 Camilli
1854 2262 2010 2298 demum
2045 2259 2203 2295 historia
2229 2258 2320 2294 Plu-

261 2353 416 2391 tarchus
444 2352 616 2391 Zonarae
644 2363 780 2390 rursus
807 2353 955 2400 praeiit,
984 2354 1053 2391 sed
1080 2354 1118 2391 in
1146 2355 1192 2391 iis
1219 2358 1381 2403 tantum,
1411 2366 1509 2404 quae
1534 2356 1582 2396 ad
1609 2357 1735 2404 ipsum
1750 2352 1953 2392 Camillum
1981 2353 2163 2400 attinent3
2192 2354 2320 2388 cetera

261 2448 380 2493 enim,
410 2448 453 2483 ut
478 2445 661 2494 Vejorum
688 2443 929 2483 ohsidionem
958 2444 1143 2497 lacusque
1169 2448 1308 2488 Albani
1336 2450 1602 2496 emissionem,
1647 2449 1843 2487 mutuatus
1871 2448 1931 2483 est
1957 2458 1979 2484 a
2004 2445 2151 2492 Dione,
2189 2446 2253 2493 qui
2282 2446 2318 2481 in

259 2538 319 2576 his
346 2538 463 2575 rebus
491 2536 594 2575 haud
621 2548 755 2585 parum
782 2551 803 2578 a
830 2537 1036 2577 Plutarcho
1064 2539 1221 2577 recedit.
1272 2539 1355 2578 Jam
1384 2553 1485 2603 vero·
1503 2552 1550 2578 eo
1578 2545 1638 2579 est
1662 2542 1812 2580 animus
1840 2539 2109 2583 advertendus,
2151 2537 2259 2585 quod
2280 2538 2316 2574 in
2348 2548 2353 2552 ·

258 2632 374 2670 rebus
403 2630 554 2669 Camilli
582 2629 843 2670 describendis
878 2609 994 2671 etia-'m
1022 2632 1095 2670 Dio
1124 2631 1294 2672 Zonarae
1332 2633 1379 2671 ad
1412 2642 1549 2671 manus
1585 2630 1674 2679 fuit,
1719 2632 1821 2681 quod
1851 2643 1895 2670 ex
1922 2630 2133 2679 fragmento
2159 2628 2318 2683 xxx'lll

303 2800 337 2843 δ·<-)
360 2798 414 2830 er.
437 2800 554 2841 rr-gm.
576 2797 704 2830 xvm
726 2801 760 2829 et
783 2797 914 2835 xxxv.
936 2782 1144 2833 reare-eim.
1420 2801 1489 2844 ···)
1513 2798 1566 2831 cr.
1591 2809 1754 2832 excursum
1777 2800 1817 2831 ae
1840 2797 2001 2841 triumpho
2024 2807 2092 2840 cap.
2118 2796 2218 2829 ΧΠ.

302 2875 349 2918 ”·)
373 2872 428 2909 Cf.
454 2875 554 2907 vitm
575 2874 761 2907 Publicolae
784 2883 856 2918 cup.
879 2874 947 2906 m.
