2582 3285
1174 178 1379 255 A

254 311 344 375 γὰο]
367 313 414 369 ἒξ
440 312 516 372 ’τῆς
551 312 682 370 ὠνῆς
709 313 858 371 «mem
879 314 948 359 νει)
971 312 1185 369 ἡετῦμενος
1208 313 1338 370 ὤφθη
1355 321 1423 358 καὶ
1445 319 1562 360 ναῦν
1588 316 1821 373 ἀνεδείχθη.
1863 318 1978 376 ’Ἆρα
2002 319 2077 374 μὲν
2099 322 2176 377 γὰρ
2201 321 2291 366 sm-

256 403 528 466 κλῦἁαντὲςόῑ
541 408 704 457 ’Ἀλανοὶ
727 415 785 471 τῷ
811 404 1088 456 Καϋσιαντίου
1109 414 1274 470 orout&
1286 411 1474 489 ’ὗχρίκαὸ
1496 417 1551 464 εἰς
1573 408 1634 457 τὰ
1649 423 1756 471 τείχη
1779 417 2033 470 κατεδίωξαν.
2086 416 2220 469 Αὕὲὂς
2243 420 2290 463 δὲ

255 514 463 568 ἠκολούθει
499 512 716 560 τελε-υπατος
741 510 922 563 φεύγοντι
946 511 1004 567 τῷ
1027 511 1195 567 στρατῷ.
1247 508 1404 565 Ἐπειδὴ
1430 510 1477 553 δὲ
1500 513 1777 566 κεκλεισμένων
1800 515 1881 556 τῶν
1905 514 2052 566 πυλῶν,
2091 513 2187 558 οὸδὲ
2210 515 2289 559 ἔσω

256 613 328 654 τοῦ
364 615 510 660 τείχους
546 606 726 660 ἠδυνήθη
762 607 963 660 εἶςελθεῒν,
1001 580 1131 663 χεῖρας
1177 608 1379 656 ἐξέτειναν
1410 610 1447 648 01
1491 605 1670 661 πολέμιοι
1707 610 1805 664 πρὸς
1836 610 1883 651 τὸ
1922 610 2132 660 συλλαβεῖν
2168 610 2291 655 αὐτόν

204 762 207 764 Β
257 713 435 773 σχοινίοις
460 705 517 755 δὲ,
542 707 735 751 καθέντες
759 701 842 744 α’πὸ
866 704 938 744 τοῦ
961 710 1119 772 τοίχους,
1146 701 1380 744 ἀνείλκυσαν
1404 701 1538 746 αὐτόν.
1570 702 1735 746 Ἒσωδὲ
1757 706 1969 758 γενόμενος,
1994 712 2062 748 καῖ
2085 708 2158 750 τὸν
2169 718 2291 765 droa-

255 802 326 845 τὸν
350 800 683 856 παραθαρσύνας,
710 782 1042 867 ἔπεξολθιόντοῒς
1065 797 1250 867 Ἅλανοῒς,
1277 805 1384 852 νίκην
1395 797 1486 852 ἔσχε
1496 800 1696 857 λαμπρὰν,
1722 798 1824 842 ὥστε
1836 802 2109 855 ἑξακισχιλίους
2122 810 2274 848 πεσεῖν.

332 950 559 989 Conferatur'
591 950 762 997 Eutropii
798 949 861 986 lib.
896 949 1082 997 1x‚*oap<.
1114 949 1222 987 XXII
1256 950 1343 988 edit.
1363 950 1507 997 'Tsch‚,‘
1537 952 1629 988 item
1667 950 1795 988 Orosii
1827 951 1890 989 lib.
1917 951 2005 999 vu,
2043 954 2214 1001 cap..25‚
2252 960 2289 991 et

256 1047 399 1085 Aurelii
426 1046 586 1083 Victoris
614 1046 661 1083 de
689 1045 916 1083 Caesaribus
941 1056 1022 1093 cap.
1048 1045 1110 1084 39.

333 1193 520 1239 Quisnam
561 1204 650 1231 vero
690 1192 804 1230 fuerit
827 1193 899 1229 iste
927 1195 1078 1238 auctor,
1107 1203 1221 1240 quem
1249 1204 1382 1230 omnes
1409 1193 1447 1230 hi
1475 1193 1613 1241 aliique
1642 1182 1934 1243 discripserunt,
1962 1197 2066 1232 omni
2093 1207 2289 1234 assevera-

257 1292 359 1327 tione
388 1289 577 1327 affirmare
605 1301 767 1336 nequeo.
821 1289 954 1335 Neque
984 1290 1083 1325 enim
1109 1289 1147 1326 in
1176 1290 1364 1336 omnibus,
1393 1301 1489 1337 quos
1515 1291 1610 1338 legi,
1636 1302 1764 1328 rerum
1790 1278 2045 1340 scriptoribus³
2062 1293 2140 1330 ulla
2165 1294 2290 1330 inveni

256 1388 426 1433 vestigia,
456 1386 593 1432 quibus
620 1386 799 1422 insistens
828 1385 967 1422 certius
995 1385 1135 1431 aliquid
1162 1394 1295 1422 eruere
1320 1357 1485 1432 possem.
1538 1387 1614 1434 Ipsi
1643 1388 1742 1423 enim
1757 1398 1873 1435 quum
1889 1388 2071 1435 plurimos
2087 1390 2290 1435 scriptores

259 1486 484 1519 enumerent
524 1486 561 1518 et
600 1483 823 1528 saepissime
864 1481 1040 1526 laudent,
1094 1465 1311 1528 muitiplicis
1349 1482 1530 1519 librorum
1569 1483 1741 1519 lectionis
1782 1470 2081 1531 cognitionisque
2121 1486 2287 1531 speciem

258 1580 471 1616 avidissime
500 1581 708 1625 captantes,
738 1589 804 1614 eos
832 1578 933 1623 ipsos
960 1576 1089 1621 libros,
1118 1572 1224 1623 quos'
1241 1578 1278 1612 in
1306 1588 1418 1614 usum
1445 1589 1557 1614 suum
1585 1578 1790 1615 identidem
1815 1583 1966 1615 vertunt
1993 1582 2032 1615 et
2057 1580 2104 1616 ad
2130 1580 2287 1631 verbum

258 1687 378 1723 paene
420 1674 650 1717 describunt,
692 1685 740 1710 ne
782 1671 901 1710 semel
940 1672 999 1709 vel
1038 1672 1095 1708 bis
1136 1672 1302 1718 quidem,
1344 1684 1387 1710 ac
1414 1674 1446 1709 si
1473 1673 1526 1719 fit,
1568 1675 1698 1711 leviter
1723 1676 1869 1712 tantuni
1894 1676 1953 1711 vel
1980 1672 2031 1721 ὥς
2055 1674 2100 1713 ἐν
2124 1674 2289 1729 παρόδῳ

259 1772 464 1808 nominant.
517 1770 572 1806 Ita
600 1769 764 1806 Zonaras
799 1769 902 1806 nullo
938 1769 1021 1805 loco
1056 1778 1208 1805 omnem
1236 1779 1345 1805 suam
1371 1768 1629 1806 Romanorum
1657 1770 1850 1807 historiam
1878 1782 1919 1806 se
1947 1770 1993 1807 ab
2022 1770 2104 1807 aliis
2132 1772 2291 1818 scripto-

258 1868 362 1905 ribus
398 1867 520 1913 iisque
558 1867 727 1913 inprimis
763 1865 885 1902 Dione
924 1869 961 1902 et
993 1864 1193 1902 Plutarcho
1230 1868 1443 1902 mutuatum
1480 1877 1564 1902 esse
1604 1865 1813 1903 confitetur.
1869 1864 1946 1902 Nec
1983 1866 2055 1903 alia
2090 1867 2288 1904 historiam

258 1963 446 2002 scribendi
482 1974 693 2010 magnaque
730 1961 1079 2010 Chronographiae,
1118 1972 1231 2008 quam
1266 1964 1419 2008 vocant,
1455 1962 1647 2000 volumina
1682 1961 1866 2009 pangendi
1901 1963 1993 1999 ratio
2027 1963 2062 1999 in
2101 1962 2290 2011 Syncello,

259 2060 503 2107 Theophane,
534 2059 720 2105 Cedreno,
750 2052 885 2096 ceteris
911 2058 993 2095 fuit.
1045 2058 1243 2106 Syncellus
1271 2041 1423 2104 quidem
1460 2058 1560 2096 haud
1594 2071 1677 2096 raro
1712 2062 1884 2095 auctores
1920 2070 2011 2095 suos
2038 2062 2220 2105 nominat,
2249 2064 2289 2097 ut

259 2157 483 2201 Eusebium,
511 2155 743 2200 Africanum,
787 2155 879 2191 alios
905 2155 1105 2201 plurimos,
1143 2124 1214 2190 sed
1239 2166 1284 2190 eo
1313 2155 1473 2191 maxime
1501 2154 1677 2195 consilio,
1717 2158 1758 2190 ut
1783 2156 1819 2190 in
1849 2156 2047 2202 carpendis
2074 2156 2145 2191 inis
2174 2157 2291 2192 corri-

259 2235 467 2301 gendisque
507 2262 639 2288 eorum
682 2251 884 2296 erroribus,
927 2253 968 2286 ut
993 2249 1178 2297 perhibet,
1219 2249 1290 2286 sibi
1330 2261 1476 2297 suoque
1515 2251 1620 2297 operi
1660 2250 1854 2297 gloriolam
1882 2253 2037 2296 quaerat
2073 2255 2289 2299 speretque.

260 2349 510 2398 Theophanes
539 2350 679 2395 autem,
709 2348 877 2384 omnium
906 2346 1055 2383 illorum
1084 2345 1467 2394 chronographorum,
1496 2347 1527 2383 si
1542 2345 1726 2385 Zonaram
1742 2347 1945 2393 exceperis,
1974 2345 2084 2384 facile
2099 2349 2290 2396 princeps,

261 2446 399 2483 multos
427 2444 580 2491 quidem
608 2455 649 2480 se
677 2442 792 2481 libros
821 2442 1016 2489 evolvisse,
1046 2453 1170 2489 neque
1198 2442 1403 2490 quidquam
1430 2454 1552 2494 paene
1581 2455 1601 2479 e
1627 2454 1695 2479 suo
1724 2440 1926 2478 addentem
1955 2441 2107 2480 illorum
2127 2444 2241 2481 verba
2257 2446 2292 2480 in

262 2553 373 2580 suum
401 2552 497 2590 opus
526 2540 828 2588 transscripsisse
865 2540 902 2576 in
937 2539 1130 2587 prooemio
1158 2537 1477 2586 chronographiae
1505 2536 1722 2586 profitetur3
1771 2538 1925 2576 nomina
1962 2542 2089 2577 autem
2127 2541 2294 2588 ipsorum

263 2636 461 2672 auctorum
489 2632 659 2670 omnium
687 2632 842 2669 omnino
867 2631 1012 2668 reticet.

336 2778 394 2814 Eo
422 2778 574 2822 quidem
602 2777 757 2814 consilio
785 2777 880 2813 haec
906 2776 1152 2823 protulimus,
1190 2777 1232 2811 ut
1259 2776 1344 2811 inde
1372 2777 1539 2820 pateret,
1582 2775 1618 2809 in
1648 2777 1752 2811 tanta
1780 2779 1953 2812 veterum
1982 2776 2161 2811 librorum
2189 2778 2296 2812 ruina

262 2868 344 2906 illos
368 2869 513 2914 solum,
551 2869 652 2907 unde
680 2869 847 2907 Zonarae
876 2869 1113 2916 aliorumque
1141 2879 1256 2915 opera
1284 2867 1481 2912 fluxerunt,
1511 2867 1728 2915 investigari
1756 2868 1988 2915 indicarique
2016 2879 2130 2915 posse
2159 2868 2294 2909 fontes,

1744 2942 1802 2979 3·
