2582 3285
256 298 385 360 Livius
411 323 491 377 tres
517 287 685 366 appellat
710 325 840 364 reges,
875 315 990 381 Atyn,
1024 313 1172 372 Capyn,
1201 314 1388 365 Capetum
1429 336 1481 343 —
1521 318 1561 353 et
1594 309 1813 362 Ἀβεντὲνος
1852 318 1932 354 sive
1970 313 2211 364 Ἀουεντῖνος
2229 320 2311 366 (pro

256 420 501 463 Λουεπῖνος.
2235 412 2239 416 “

336 513 467 562 Caput>
485 509 723 557 secundum,
760 518 837 558 quo
868 508 1021 548 Romuli
1047 508 1235 557 Remique
1269 508 1421 557 ingenia
1440 511 1496 546 et
1519 511 1690 547 naturae
1715 508 1846 555 'bona,
1891 512 1935 546 ut
1973 511 2124 548 teneret
2160 510 2309 548 animos

254 592 464 660 legentium
500 609 720 656 descripsit,
763 607 992 655 praesertim
1027 618 1146 656 quum
1187 605 1372 655 generosi·
1394 604 1471 642 'viri
1506 604 1778 654 contemplatio
1819 605 1982 644 eandem
1998 617 2002 620 ·
2017 605 2310 645 delectationem

254 708 414 754 habeat,
452 716 568 755 quam
596 715 737 742 scenae
764 704 930 752 tragicae
956 704 1161 752 miracula,
1206 704 1279 742 hoc
1306 703 1419 751 igitur
1454 703 1569 751 caput
1603 700 1728 739 totum
1754 701 1836 742 fere
1862 704 1900 741 in
1928 702 2121 742 Plutarchi
2147 701 2311 743 Ror'nulo

255 804 394 851 legitur
418 805 458 840 et
485 802 613 840 omnia
638 800 722 839 fere
748 800 919 839 Zonarae
945 801 1061 841 verba
1087 803 1125 839 in
1149 799 1353 840 Plutarcho
1380 800 1563 837 invenies.
1600 797 1677 837 Sed
1704 801 1832 838 tamen
1861 800 1898 838 in
1915 777 2002 839 *vita
2027 799 2178 839 Romuli
2205 812 2312 839 com-

252 900 385 950 plures
420 900 512 936 sunt
541 897 635 944 loci,
656 897 826 945 ‘quibus
849 896 1016 939 Zonaras
1049 900 1201 945 praeter
1231 890 1477 934 Plutarchum
1510 895 1627 933 alium
1663 895 1855 944 quendam
1891 898 2089 933 auctorem
2126 898 2310 945 sequitur,

252 995 372 1035 veluti
396 994 515 1034 verba
541 994 675 1043 capitis
700 995 823 1034 tertii:
861 996 1100 1048 ὡρμημένοις
1125 990 1171 1034 δὲ
1195 990 1295 1048 πρὸς
1319 990 1397 1045 τὴν·
1414 989 1482 1044 τῆς
1505 973 1658 1039 nolanos
1671 973 1836 1045 dcimam
1861 990 2035 1048 διαφορὰ
2060 994 2205 1046 συνέβη
2229 983 2311 1042 τοῖς

252 1088 440 1143 α’δελφοῒς
464 1094 564 1145 περί
591 1104 636 1130 τε
660 1089 730 1140 τῆς
754 1086 874 1144 ἆρχῆς
899 1092 965 1130 καὶ
990 1095 1091 1145 περί
1108 1089 1177 1141 τῆς
1200 1088 1366 1140 πόλεως,
1406 1091 1473 1129 καὶ
1499 1086 1567 1128 διὰ
1590 1087 1714 1141 μάχης
1740 1086 1957 1144 ἐχώρησαν,
1997 1087 2043 1130 ἐν
2069 1085 2093 1142 ἦ
2118 1087 2142 1131 o‘
2165 1077 2311 1143 Ῥὄμος

251 1185 480 1238 α’πέθανεν,
518 1190 557 1224 et
581 1185 710 1236 paullo
736 1189 845 1235 post:
885 1182 1152 1227 δκτώκαίδεκα
1177 1185 1213 1226 δ’
1239 1183 1343 1226 εἶναι
1366 1184 1559 1237 Ῥωμύλος
1583 1184 1774 1226 ἐνιαυτῶν
1798 1182 2099 1240 «frustremus
2137 1183 2204 1228 ὅτε
2240 1187 2312 1238 τὴν

250 1283 403 1336 Ῥώμην
427 1284 649 1340 συνῴκισεν.
666 1280 819 1322 Ἔπισε
845 1282 891 1323 δὲ
917 1280 1041 1335 αὗτὴν
1065 1287 1158 1338 περὶ
1182 1282 1254 1335 τὴν
1277 1283 1349 1324 τοῦ
1376 1270 1633 1334 Φανοῖ-οὖλον
1658 1283 1817 1336 οἴκησιν.
1845 1278 2051 1334 &apaan
2078 1282 2113 1324 δ’
2141 1282 2164 1325 ὅ
2187 1284 2310 1338 χῶρος

252 1380 494 1431 Hau-oium»,
521 1393 598 1419 non
623 1381 802 1430 legu‘ntur
828 1381 864 1417 in
892 1379 989 1418 libro
1014 1380 1219 1419 Plutarchi.
1246 1380 1352 1419 Haec
1378 1379 1496 1418 verba
1522 1379 1636 1417 Dioni
1648 1379 1825 1418 videntur
1838 1379 1983 1426 deberi,
2012 1391 2127 1428 quem
2142 1380 2309 1419 Zonaras

253 1488 408 1526 semper
435 1477 483 1515 ad
509 1444 816 1525 manushabuit,
855 1480 893 1515 et
920 1470 1021 1515 unde
1047 1490 1091 1516 ea
1119 1478 1246 1527 petiit,
1283 1488 1382 1526 quae
1411 1489 1432 1516 a
1455 1474 1658 1514 Plutarcho
1686 1476 1976 1524 praetermissa,
1998 1477 2067 1514 sed
2093 1481 2307 1516 memoratu

251 1573 363 1622 digna
389 1573 626 1613 videbantur.

353 1658 359 1664 ·
1440 1650 1556 1679 s*-

328 1724 387 1760 Ex
421 1723 480 1761 his
513 1724 616 1771 jam,
659 1737 760 1773 quae
794 1728 1081 1772 recensuimus,
1126 1726 1312 1774 capitibus
1355 1724 1542 1763 Zonaram
1574 1723 1821 1763 Plutarchum
1863 1725 2089 1772 saepissime
2125 1723 2307 1762 habuisse

251 1823 465 1878 auctorem,
504 1832 620 1868 quem
656 1822 694 1858 in
730 1823 932 1860 annalibus
965 1825 1052 1861 suIs.
1078 1825 1326 1871 sequeretur,
1353 1826 1468 1870 atque
1489 1823 1542 1861 ita
1568 1821 1815 1859 Plutarchum
1842 1821 1955 1859 Dioni
1982 1821 2222 1868 praetulisse,
2250 1824 2305 1866 ut,

248 1914 315 1953 ubi
340 1915 417 1953 vita
444 1927 466 1953 a
493 1915 699 1954 Plutarcho
727 1919 942 1966 conscripta
968 1919 1095 1967 aliqua
1122 1922 1309 1966 exstaret,
1337 1919 1471 1956 Dionis
1507 1917 1706 1955 historiam
1743 1916 1932 1964 extemplo
1957 1914 2190 1964 negligeret,
2213 1918 2306 1955 satis

247 2012 381 2059 liquet.
430 2011 490 2048 De
525 2013 801 2061 antiquissimis
827 2013 1066 2052 Albanorum
1100 2014 1255 2063 regibus
1289 2013 1413 2062 deque
1446 2013 1603 2051 Aeneae
1633 2012 1671 2049 iu
1707 2011 1855 2050 Italiam
1892 2011 2057 2049 adventu
2085 2011 2177 2048 nihil
2204 2015 2299 2059 erat,

248 2107 352 2156 quod
379 2106 548 2145 Zonaras
585 2120 606 2145 e
632 2108 850 2148 Plutarcho
874 2113 1115 2159 excerperet,
1152 2120 1272 2159 quum
1306 2110 1367 2147 hic
1402 2106 1441 2148 in
1477 2108 1631 2147 exordio
1665 2111 1765 2146 vitae
1798 2108 2008 2146 Romuleae
2041 2111 2081 2145 et
2114 2120 2135 2146 a
2161 2108 2307 2156 vulgari

247 2204 427 2252 opinione
450 2203 659 2251 plurimum
686 2207 888 2244 recesserit
914 2210 954 2244 et
979 2207 1028 2244 de
1053 2207 1284 2255 scriptorum
1311 2216 1473 2243 munero
1499 2206 1690 2254 variisque
1718 2215 1852 2246 eorum
1879 2205 2027 2255 placitis
2054 2206 2107 2242 ita
2133 2205 2305 2253 disputa-

246 2302 362 2347 verit,
404 2303 448 2337 ut
481 2301 520 2337 in
548 2301 720 2339 Zonarae
753 2312 892 2351 opere,
937 2314 1013 2352 quo
1045 2304 1128 2352 ipse
1170 2314 1246 2340 non
1280 2304 1473 2353 inquirere
1508 2312 1572 2341 res
1605 2305 1646 2340 et
1674 2302 1798 2341 varias
1834 2303 2063 2351 scriptorum
2098 2301 2303 2363 relationes

247 2398 464 2435 examinare
492 2388 531 2435 et
556 2398 733 2446 probare,
763 2399 833 2436 sed
861 2399 1040 2448 probatas
1067 2398 1311 2436 solummodo
1337 2398 1482 2437 referre
1507 2399 1679 2446 volebat,
1716 2401 1795 2438 tam
1822 2398 1956 2437 doctae
1984 2398 2195 2446 longaeque
2224 2397 2304 2434 dis-

243 2468 471 2542 quisitiones
496 2493 624 2531 locum
651 2494 794 2534 habere
820 2506 897 2533 non
924 2498 1095 2544 possent.
1123 2494 1251 2541 Quam
1278 2496 1327 2534 ob
1354 2507 1437 2534 rem
1465 2494 1679 2543 antiquiora
1702 2491 1798 2534 haec
1826 2507 1874 2533 ex
1886 2494 2018 2532 Dione
2033 2494 2302 2541 transscripsit.
2343 2551 2348 2555 .

243 2590 314 2627 Ubi
339 2560 431 2628 vero
459 2591 640 2628 continua
666 2592 836 2629 oratione
849 2590 1078 2631 Plutarchus
1091 2592 1243 2630 Romuli
1271 2602 1384 2631 casus
1413 2594 1650 2641 eventusque
1677 2603 1831 2631 narrare
1846 2593 1984 2640 coepit,
2012 2590 2145 2629 relicto
2173 2592 2300 2630 statim

241 2687 365 2724 Dione
393 2687 441 2725 ad
463 2686 733 2733 Plutarchum,
777 2699 853 2736 quo
890 2692 1046 2728 auctore
1075 2689 1157 2738 jam
1190 2700 1308 2737 supra
1342 2690 1380 2726 in
1407 2689 1625 2728 Artaxerxis
1653 2692 1691 2727 et
1706 2689 1920 2727 ‘Alexandri
1938 2680 2067 2735 Magni
2092 2657 2177 2725 vitis
2204 2698 2299 2726 usus

241 2786 337 2830 erat,
363 2785 577 2822 revertitur.
613 2783 750 2833 Neque
777 2783 850 2822 hoc
872 2788 1006 2823 nostro*
1028 2788 1176 2825 tantum
1200 2785 1243 2824 fit
1269 2785 1367 2834 loco,
1396 2786 1466 2824 sed
1493 2787 1531 2823 in
1558 2787 1714 2836 reliquis
1743 2787 1858 2825 etiam
1886 2785 2029 2835 ubique
2055 2785 2157 2823 idem
2184 2796 2298 2834 repe-

238 2882 380 2930 rimus,
424 2882 477 2921 ita
502 2884 545 2920 ut
577 2894 645 2932 pro
682 2882 901 2922 certissimo
935 2882 1105 2932 profiteri
1132 2884 1338 2932 possimus,
1376 2883 1622 2924 Plutarchum
1650 2886 1687 2922 in
1714 2885 1885 2922 Romana
1911 2882 2067 2921 historia
2095 2891 2217 2929 usque
2246 2884 2292 2920 ad
