2582 3285
1225 153 1293 194 ’⁶⁹

240 300 396 335 secutus
425 299 500 341 est,
527 304 661 332 verum
688 293 791 329 enim
811 301 908 329 ‘vero
934 301 956 327 e
982 290 1179 337 prooemio
1205 288 1399 326 annalium
1410 286 1455 334 ¹⁵)
1490 288 1644 335 plenam
1667 288 1845 327 historiae
1887 293 2185 330 conscribendae
2214 287 2289 330 'co-

242 395 449 442 gnitionem
476 391 759 437 consequimur,
788 387 854 424 ubi
884 388 963 424 est:
990 384 1036 424 ἐκ
1072 384 1231 424 πολλόν
1267 383 1343 437 γὰρ
1368 383 1519 431 βίβλων
1543 384 1615 431 τὰς
1639 387 1813 437 ἱστορίας
1846 386 2136 439 ἔρανισᾶμενος,
2176 388 2221 430 ἔν
2244 406 2290 439 γε

234 487 398 536 'nouae
422 492 509 534 1014-
532 486 612 527 τῶν
637 487 896 538 συγγραφέων
918 482 1078 523 ἐκείνων
1101 486 1320 536 χρὴσαίμην
1343 476 1399 522 ἄν’
1421 481 1638 533 συνθήκαις
1661 486 1730 523 καὶ
1747 482 1961 535 φράσεσιν,
1988 486 2033 526 ἐν
2057 483 2164 534 ’ὅσοις
2188 487 2223 527 δ’
2238 486 2289 529 ἄν

242 591 308 646 aar
333 580 451 632 αὐτὸς
475 580 701 635 παρῳδῆσαι
727 576 754 632 ἦ
777 578 1047 635 παραφρᾶσω,
1084 577 1185 634 π’ρός
1207 577 1281 619 τὸν
1305 578 1465 620 ἐκείνων
1488 579 1717 634 χαρακτῆρα
1741 580 1812 634 τῆν
1849 579 1965 623 ἰδέαν
1978 582 2061 624 ,τοῦ
2085 583 2200 634 λόγου
2224 601 2290 637 μοι

241 681 562 736 μεθαρμόσομαι,
587 679 656 719 ἵνα
680 678 735 730 μή
759 675 995 730 ἆσύμφωνος
1018 672 1119 728 mim*
1143 676 1266 737 ἑωυιῇ
1290 674 1386 737 δοκῇ
1411 675 1437 726 ἧ
1459 677 1603 730 νραῖφῆ.

317 841 401 878 Jam
427 838 823 906 vero'descendamus
850 838 898 876 ad
923 836 1192 886 ressingulas.
1244 836 1336 876 Fine
1364 837 1449 876 libri
1474 838 1569 876 sexti
1595 836 1762 878 Zonaras
1798 840 2114 884 nosterRomani
2139 843 2288 891 imperii

243 937 396 985 saepius
422 935 522 973 facta
548 936 763 981 mentione,
809 914 1069 976 necessarium
1101 945 1161 984 se·
1181 933 1322 971 habere
1348 933 1559 982 professus,
1588 933 1752 975 lectores
1780 934 2001 984 admonere,
2037 938 2103 986 qui
2128 938 2289 977 Romani

242 1033 396 1080 fuerint,
424 1032 526 1083 unde
554 1031 626 1067 orti
655 1034 693 1068 et
718 1021 795 1080 per‘
813 1041 909 1079 quos
938 1041 1063 1079 casus,
1100 1041 1171 1079 per
1197 1040 1305 1079 quae
1322 1041 1452 1069 rerum
1479 1031 1708 1088 discrimina,
1723 1032 1839 1069 totius
1865 1031 1947 1071 fere
1973 1032 2078 1073 orbis
2104 1037 2289 1074 terrarum

244 1129 445 1183 imperium
482 1127 553 1164 sibi
587 1128 899 1176 comparaverint.
951 1126 1010 1167 De
1045 1126 1104 1169 his
1137 1138 1228 1185 vero
1263 1127 1316 1165 ita
1350 1126 1423 1165 sibi
1460 1126 1663 1180 dicendum
1698 1137 1784 1164 esse
1815 1130 1938 1176 putat,
1979 1133 2022 1167 ut
2055 1130 2288 1179 longitudine

245 1225 483 1272 narrationis,
512 1227 697 1272 quantum
724 1195 807 1260 sieri
834 1225 976 1272 possit,
1019 1225 1058 1267 in
1081 1223 1263 1269 ¹libellum
1298 1227 1491 1265 contracta
1524 1225 1717 1272 vitataque
1752 1225 1957 1273 verborum
1984 1228 2109 1275 copia,
2147 1227 2295 1266 facilius

245 1322 404 1359 historia
430 1320 588 1368 intelligi
614 1322 875 1376 memoriaque
902 1321 1027 1377 teneri
1050 1321 1181 1367 possit.
1236 1319 1368 1370 Capite
1395 1323 1530 1369 autem
1551 1322 1673 1368 primo
1708 1322 1860 1370 septimi
1886 1322 1972 1360 libri
1998 1324 2045 1360 de
2072 1324 2227 1361 Aeneae
2255 1326 2292 1361 in

245 1418 395 1455 Italiam
423 1417 601 1463 adventu,
628 1417 675 1453 de
696 1416 852 1454 foedere
881 1428 969 1454 cum
995 1416 1131 1454 Latino
1156 1396 1264 1464 inito,
1293 1417 1340 1454 de
1367 1416 1469 1454 bello
1497 1427 1584 1454 cum
1610 1417 1738 1454 Turno
1766 1412 2048 1468 Tyrrhenisque
2074 1423 2182 1467 gesto
2208 1421 2295 1468 agit.
2349 1414 2353 1417 ’

251 1515 362 1560 Quae
389 1514 480 1562 quin
508 1526 554 1551 ex
579 1513 711 1551 Dionis
739 1513 896 1551 historia
921 1516 1048 1551 sumta
1073 1513 1168 1560 sint,
1202 1524 1279 1550 non
1307 1512 1450 1559 dubito,
1490 1515 1523 1556 si
1550 1513 1705 1562 quidem
1732 1526 1779 1552 ex
1805 1517 2088 1564 comparatione
2115 1527 2203 1552 cum
2231 1528 2295 1553 ex-

250 1614 382 1665 cerpto
407 1609 609 1650 Valesiano
638 1611 748 1647 tertio
773 1610 813 1649 id
841 1610 1031 1658 conjicere
1059 1610 1159 1650 licet.
1212 1609 1289 1646 Sed
1316 1608 1569 1657 fragmentum
1595 1610 1669 1648 hoc
1696 1623 1742 1649 ex
1767 1611 1924 1650 Tzetzae
1952 1613 1989 1649 in
2002 1612 2293 1660 Lycophronem

252 1709 405 1746 scholiis
419 1707 483 1753 *ἢ
511 1708 752 1754 depromturn
779 1717 855 1744 non
882 1708 966 1754 ipsa
979 1707 1114 1743 Dionis
1126 1705 1243 1744 verba
1269 1705 1433 1753 exhibet,
1460 1706 1530 1744 sed
1555 1718 1579 1743 a
1603 1706 1809 1745 scholiasta
1834 1710 1944 1755 quasi
1971 1708 2169 1749 decurtata
2196 1711 2235 1744 et
2260 1710 2297 1744 in

250 1805 404 1845 brevius
430 1804 596 1850 spatium
623 1805 827 1861 coarctata,
854 1803 908 1842 ita
933 1786 977 1840 ut
998 1802 1119 1846 multa
1146 1802 1365 1847 exciderint,
1391 1801 1512 1840 multa
1537 1801 1700 1839 fortasse
1728 1804 1843 1840 etiam
1871 1814 1916 1839 ex
1942 1804 2025 1840 aliis
2051 1804 2300 1851 scriptoribus

254 1902 432 1947 excerpta
456 1900 494 1939 in
521 1899 655 1949 Dionis
680 1898 799 1936 verba
832 1901 1067 1947 comportata
1093 1899 1181 1935 sint.
1231 1897 1429 1936 mittamus
1462 1900 1591 1935 cetera
1624 1896 1740 1946 hujus
1773 1899 1926 1961 capitis,
1969 1899 2034 1936 ubi
2069 1900 2123 1953 de·
2145 1900 2300 1937 Aeneae

254 1997 373 2042 obitu,
403 1995 449 2032 de
476 1994 629 2044 regibus
655 1994 814 2040 Albanis
840 1993 966 2044 deque
990 1993 1143 2033 Romuli
1168 1993 1356 2043 Remique
1388 1992 1548 2033 infantia
1582 1994 1726 2043 agitur,
1762 2006 1863 2044 quae
1888 1996 2016 2034 omnia
2051 1995 2189 2034 hausta
2216 2007 2300 2033 esse

256 2107 277 2131 e
304 2094 427 2131 Dione
453 2092 648 2139 videntur,
684 2103 803 2141 quum
838 2091 1023 2140 nonnulla
1045 2092 1218 2136 zonarae
1243 2091 1361 2130 verba
1394 2092 1433 2128 in
1459 2091 1593 2129 Dionis
1619 2091 1831 2139 fragmento
1859 2094 1997 2131 eodem
2025 2094 2159 2131 eadem
2186 2076 2297 2140 repe-

254 2192 412 2236 riantur,
449 2190 521 2226 etsi
548 2188 661 2226 modo
688 2187 876 2235 Zonaras,
914 2188 1028 2229 modo
1049 2188 1128 2247 Dio
1156 2187 1312 2226 Cassius
1346 2189 1385 2225 in
1420 2187 1536 2225 rebus
1562 2188 1786 2244 enarrandis
1812 2189 1932 2226 fusior
1957 2201 2001 2226 ac
2027 2190 2215 2236 copiosior
2241 2190 2302 2226 sit.

259 2286 440 2328 Ceterum
467 2286 557 2333 quin
584 2285 657 2323 hoc
682 2284 936 2333 fragmentum
961 2284 1095 2323 Dionis
1119 2284 1237 2323 ,verba
1262 2295 1338 2323 non
1367 2285 1514 2332 integra
1540 2282 1729 2331 exhibeat,
1756 2285 1823 2322 sed
1850 2287 1887 2322 in
1915 2286 2066 2322 brevius
2094 2288 2305 2331 contracta,

258 2394 335 2419 non
362 2384 421 2418 est
447 2381 619 2428 dubium,
647 2392 780 2430 quum,
809 2384 951 2429 quanta
977 2382 1028 2420 sit
1051 2381 1148 2419 fides
1176 2382 1363 2429 excerptis
1388 2381 1470 2418 suis
1485 2380 1674 2425 habenda,
1701 2382 1782 2428 ipse
1798 2380 2008 2418 scholiasta
2022 2377 2237 2428 fragmento
2252 2380 2306 2417 XI

260 2478 414 2523 indicet,
442 2488 517 2524 q,u0
544 2478 695 2527 scribit3
734 2475 787 2523 ὦς
812 2479 962 2531 ἱστορεῖ
981 2489 1061 2517 που
1084 2473 1110 2527 ἢ
1133 2474 1333 2527 Διόδωρος
1356 2472 1382 2525 ἢ
1407 2478 1527 2524 Δίων,
1567 2472 1616 2514 οὕ
1639 2473 1716 2526 γὰρ
1754 2473 1928 2529 α’κριβῶς
1965 2481 2191 2528 μέμνημαι;
2231 2487 2307 2512 non

262 2548 404 2619 ubique
429 2573 542 2620 igitur
567 2584 659 2611 suos
682 2575 765 2622 ipse
792 2573 909 2613 libros
934 2575 1107 2625 inspexit.
1159 2572 1244 2610 Hoc
1267 2582 1357 2609 vero
1392 2571 1656 2608 tantummodo
1692 2573 1927 2610 monendum
1955 2576 2035 2620 est,
2073 2575 2111 2609 in
2139 2572 2307 2609 Zonarae

262 2671 381 2715 textu,
418 2673 483 2717 qui
511 2671 659 2718 dicitur,
695 2675 904 2719 praeeunte
930 2672 1069 2721 Dione,
1104 2670 1347 2711 scribendum
1376 2679 1462 2706 esse
1489 2668 1627 2714 Κάπυς
1638 2669 1739 2715 'joco
1764 2669 1894 2718 Πάδις
1918 2672 1980 2710 vel
2007 2665 2156 2717 Πᾶστις
2181 2671 2312 2724 -—-·ibi

308 2856 339 2895 0)
363 2855 414 2889 cr.
436 2866 504 2900 αι».
529 2861 564 2891 2.
586 2861 664 2894 exte.
964 2887 967 2890 .
1042 2858 1053 2873 ‘
1380 2857 1430 2898 ⁸⁸)
1453 2854 1511 2892 m
1532 2856 1652 2893 scholia
1673 2858 1717 2892 ad
1738 2869 1771 2891 v.
1797 2861 1896 2895 1282-

1764 2927 1790 2963 2
